2325 4050
263 386 265 390 ,
328 308 838 376 Κει.Οιιιιετ.Ι,ιιι.Ι.
960 331 1001 383 21

153 437 243 499 tione
254 433 643 516 acceperuuteamiracula,
664 453 818 516 quaecum
830 433 916 510 alias,
936 450 1003 502 tunt

156 521 301 593 maxime
323 518 355 581 in
377 520 440 602 ipso
457 518 501 581 AE
564 519 588 581 ti
609 518 708 593 exitu,
728 533 820 602 atque
835 519 952 597 itinere,
974 523 1004 585 δι

157 607 190 668 in
205 603 397 668 Chananaeae
411 606 480 689 ingr
520 627 553 680 u,
576 604 766 686 contigerant
772 627 783 679 3
814 626 1005 689 quorumque

159 688 212 772 ipsi
224 690 273 753 illi
285 688 491 773 progenitores
499 710 609 752 eorum
620 686 707 751 testes
718 689 847 753 fuerant.
891 689 1005 773 Neque

111 796 113 839 ι
160 798 234 840 vero
249 774 393 839 credibile
401 773 455 851 est,
477 773 590 856 alioqui
605 772 668 835 fieri
683 771 818 855 potuiffe,
843 790 876 837 ut
890 775 1005 860 ingenii

161 862 229 923 satis
242 861 434 925 contumacis
443 858 586 941 populus,
607 858 708 942 legem
719 873 766 921 tot
776 859 880 922 ritibus
892 883 1003 924 onero·
1047 939 1051 947 1

161 947 224 1009 sam
238 947 273 1008 in
287 945 316 1007 se
328 944 499 1027 susciperet:
523 959 577 1006 aut
597 958 631 1008 ut
645 945 783 1006 homines
806 943 949 1026 sapientes
964 969 1003 1009 ex

162 1030 282 1107 multis,
305 1053 374 1113 quae
388 1030 515 1111 reperire
529 1030 664 1091 humana
677 1030 755 1091 ratio
773 1044 900 1111 poterat,
923 1033 1003 1095 notis

163 1116 332 1200 religionis,
347 1111 605 1176 circumcisionem
613 1111 777 1198 eligerent3
800 1136 870 1196 quae
882 1115 1002 1179 &²sus-

146 1202 223 1284 'cipi
246 1199 308 1263 stne
330 1199 434 1262 dolore
458 1201 540 1282 gravi
564 1199 712 1281 nequiret,
735 1199 847 1262 &³ab
870 1203 1004 1264 externis

163 1285 306 1349 omnibus
320 1285 513 1357 derideretur,
535 1305 592 1346 nec
606 1281 771 1365 quicquam'
785 1283 918 1360 haberet,
941 1309 1004 1368 quo

163 1369 421 1434 secommendate
436 1366 541 1450 poss'et,
561 1383 648 1431 extra
662 1367 768 1431 Deum
783 1367 946 1432 auctorem.

264 1539 374 1625 §XV
397 1538 488 1624 Mosts
501 1541 659 1604 veracitate
674 1539 709 1603 ὅ
723 1536 905 1627 antiquitate.

207 1659 307 1725 Mofis
332 1681 454 1742 quoque
483 1660 609 1742 scriptis,
646 1658 755 1742 quibus
778 1658 831 1720 illa
860 1660 1005 1724 miracula

165 1747 322 1810 memoriae
337 1745 453 1826 prodita
467 1744 546 1820 sunt,
569 1744 659 1806 fidem
671 1744 836 1806 maximam
849 1746 1002 1822 conciliat,

165 1854 229 1894 non
241 1846 374 1906 tantum,
397 1830 478 1913 quod
489 1829 551 1892 Dei
563 1829 688 1892 oraculo
699 1829 794 1912 ipsum
805 1832 1002 1892 commenda-

165 1931 233 1979 tum
259 1937 295 1978 ac
318 1914 432 1998 populo
456 1915 632 1996 praefedium
655 1929 809 1996 perpetua,
838 1915 915 1977 inter
937 1915 1002 1977 He-

165 2002 276 2078 braeos,
297 1998 379 2064 fama
399 2000 513 2080 semper
534 1998 682 2062 constitit:
715 1999 762 2061 sed
787 1998 817 2062 δι
839 1999 921 2082 quod
947 2022 1004 2064 nec

164 2087 226 2152 suae
241 2087 356 2171 gloriae,
379 2106 435 2148 nec
451 2085 571 2146 suorum
586 2085 754 2147 commodis
769 2107 841 2145 eum
854 2083 1003 2161 studuiffe,

164 2173 235 2234 satis
255 2186 407 2253 appareat,
429 2192 501 2231 cum
516 2170 546 2232 tc
560 2186 685 2252 peccata
704 2171 766 2245 sua,
789 2192 857 2249 quae
872 2169 1003 2231 diffnnu-

164 2256 229 2319 lare
243 2271 372 2338 poterat,
393 2255 452 2336 ipse
465 2254 629 2329 tradiderit,
652 2254 681 2316 δι
698 2255 781 2337 regni
793 2254 1006 2338 sacerdotiique

165 2342 345 2426 dignitatem
370 2340 436 2401 aliis
464 2337 673 2423 adsignaverit,
706 2340 756 2401 sua
782 2334 950 2421 posteritate
972 2340 1004 2404 in

165 2424 344 2489 Levitarum
354 2424 474 2507 plebem
485 2423 620 2486 redaaa:
636 2446 705 2508 quae
716 2425 893 2486 omniasatis
905 2422 1005 2486 osten-

165 2512 259 2586 dunt,¹
278 2509 353 2574 nihil
374 2511 402 2573 ei
418 2509 514 2572 causae
528 2506 623 2585 fuisse,
647 2531 701 2572 cur
715 2510 906 2571 mentiretur:
930 2507 1006 2573 ficut
1063 2584 1064 2588 Ἰ

166 2614 226 2658 nec
240 2597 342 2657 fucata
355 2610 408 2657 aut
427 2594 598 2656 illecebrosa
621 2596 715 2656 utitur
736 2595 883 2668 oratione,
906 2593 1004 2675 qual-is

166 2680 327 2742 mendacio
349 2679 438 2742 fidem
458 2678 618 2761 impetrare
637 2678 729 2753 solet;
752 2678 799 2739 sed
823 2676 1005 2761 &simplici

167 2764 199 2829 ἃ
224 2760 423 2830 conveniente
445 2765 488 2826 rei
513 2765 646 2847 ingenio.
690 2764 818 2827 Accedit
840 2764 1007 2828 indubitata

168 2849 346 2932 scriptorum
372 2847 469 2912 Moris
494 2850 670 2931 antiquitas,
703 2850 752 2910 cui
778 2848 897 2912 nullum
923 2849 1006 2912 aliud

167 2934 311 3016 scriptum
340 2936 424 3017 potiit
448 2932 648 2996 contendere:
682 2935 767 3019 cujus
794 2951 1004 3021 argumentum

161 3105 236 3154 'nium
255 3106 398 3166 Creatorem,
429 3111 452 3153 te
480 3104 572 3168 quidem
605 3103 702 3165 fadbrm,
718 3106 751 3153 ait
761 3105 839 3159 Philo.
962 3162 965 3167 ,

168 3170 310 3231 spiritualem
320 3172 373 3228 effe,
389 3185 486 3232 eumque
498 3169 575 3219 sulum
638 3186 651 3233 3
668 3172 700 3216 Et
710 3170 738 3217 ab
748 3174 837 3218 externis
847 3170 936 3218 omnibus
946 3168 1004 3215 deri·

169 3234 292 3281 colendum
303 3236 432 3283 docebatur.
450 3236 549 3282 clarius.
604 3232 709 3296 ducrum]
729 3236 791 3280 idern
809 3235 886 3290 Philo,
904 3235 1006 3294 arpinas

176 3342 180 3350 .
202 3314 218 3347 2
235 3298 318 3364 Suscipt'
321 3299 369 3358 fine
378 3298 446 3345 dolore
453 3298 525 3363 gravi
535 3316 571 3344 ne·
603 3300 910 3362 yradprrrorurapawenaoi'c.
945 3296 1006 3341 Hinc

169 3358 264 3472 peiren]
291 3360 349 3410 ΜεΊιὶ
369 3367 482 3425 χαλεπῶν
499 3361 572 3420 α’λγη·
604 3363 678 3477 {ndei
686 3366 754 3423 curti,
764 3364 834 3423 verpi,
848 3360 939 3407 recutiti
947 3361 1007 3421 apud

182 3426 240 3488 ὄνων,
268 3442 315 3477 cum
339 3427 448 3491 gravibus
470 3425 574 3477 doloribus
625 3426 698 3480 uitat.
907 3481 970 3545 &h
