2325 4050
324 292 428 362 Rea.
452 291 651 359 Cnarsr.
686 290 780 358 Lis.
803 284 869 358 Π.Ι
960 289 1011 379 85

161 414 213 480 vel
228 405 323 480 malo.
354 418 385 480 A
399 414 481 479 malo
495 431 597 485 autem
611 415 711 498 spiritu
726 438 790 479 non
804 414 861 478 csse
872 419 1006 500 profesta

158 501 232 568 sraec
254 523 359 584 opera,
394 501 464 563 inde
481 498 643 582 probatur,
673 501 756 584 quod
780 501 916 564 doetrina
938 505 1007 566 haec

164 585 292 663 Christi,
324 588 374 649 cui
398 585 560 668 probandae
586 585 639 647 ista
719 607 753 648 ra
774 586 1005 663 adhibebantur,

128 671 256 733 -malis
280 631 426 753 spiritibus
452 670 632 733 adversatur.
709 685 771 733 etat
797 673 879 733 enirn
908 671 1008 734 malos

163 757 283 838 spiritus
318 755 391 833 coli,
428 753 570 818 abstrahit
597 756 735 818 homines
765 754 803 818 ab
832 757 916 818 omni
946 756 1013 819 im·

164 841 316 904 munditia
329 863 462 916 morum,
484 862 546 922 qua
567 829 643 902 tales
667 841 781 923 spiritus
807 840 1006 905 delcetantur.

165 925 273 988 Rebus
295 947 417 1009 quoque
439 923 506 1006 ipsis
529 940 663 1006 apparet,
686 925 870 1008 ubicumque
891 948 926 988 ea
948 927 1008 989 do·

165 1011 265 1074 &rina
287 1026 407 1093 recepta
435 1009 489 1085 est,
526 1009 636 1072 collabi
660 1009 848 1073 Daemonum
873 1011 1006 1088 cultum,

164 1095 220 1159 ²&
235 1110 313 1158 artes
327 1095 473 1180 magicas,
495 1093 527 1157 δι
540 1116 637 1157 unum
652 1094 758 1158 Deum
771 1095 844 1172 coli,
865 1117 936 1173 curn
951 1097 1007 1158 de-

163 1180 324 1245 testatione
333 1178 537 1243 Damonum:
561 1202 692 1261 quorum
703 1181 765 1242 vim
780 1202 816 1243 ac
821 1180 1007 1262 potestatem

164 1264 279 1329 Christi
295 1264 425 1328 adventu
439 1262 598 1326 infradiam
614 1274 626 1314 ³
638 1264 819 1350 Porphyrius
833 1267 892 1346 ipse
907 1288 1005 1350 agno·

163 1353 222 1415 vit
266 1348 461 1412 Credendum
472 1365 576 1410 autem
589 1371 653 1412 non
666 1348 720 1424 est,
742 1371 926 1431 quemquam
937 1372 1007 1412 ma

165 1437 235 1500 lum
250 1435 383 1517 spiritum
398 1433 474 1497 adeo
489 1432 545 1495 esle
561 1433 796 1516 imprudentem,
818 1450 853 1495 ut
866 1455 901 1494 ea
915 1435 1014 1499 faciat

165 1522 198 1586 δι
215 1520 338 1604 quidem
352 1520 514 1602 saepissime,
537 1519 699 1602 exquibus
715 1517 789 1580 nihil
803 1518 925 1581 honoris
940 1517 1005 1596 sibi,
1008 1524 1014 1555 r

166 1621 223 1671 aut
237 1603 402 1681 commodi,
425 1620 531 1666 contra
552 1624 625 1667 vero
647 1605 816 1677 maximum
841 1605 1005 1667 detrimen·

164 1708 237 1756 turn
252 1711 287 1752 ac
306 1689 435 1752 dedecus
459 1689 593 1752 accedat.
638 1689 695 1752 Sed
718 1711 817 1773 neque
841 1689 1008 1772 sapientia,

166 1792 223 1840 aut
243 1775 372 1838 bonitati
394 1773 483 1856 ipsius
497 1771 571 1850 Dei,
595 1771 659 1837 ullo
680 1775 772 1838 modo
793 1776 947 1851 convenit,
971 1791 1007 1841 ut

166 1861 266 1945 passus
288 1859 438 1936 credatur,
460 1857 524 1920 astu
545 1857 747 1935 Daemonum,
768 1860 852 1922 illudi
872 1861 1005 1924 homiui-

167 1949 226 2011 bus
241 1946 279 2008 ab
293 1967 378 2007 omni
369 1943 508 2007 malitia
526 1943 644 2021 alienis,
665 1944 695 2006 δι
717 1945 760 2007 sui
782 1945 1014 2020 metuentibus3

167 2032 275 2117 quales
289 2028 411 2095 fuisse
387 2031 502 2113 primos
517 2028 628 2093 Christi
649 2030 821 2112 discipulos,
843 2032 913 2093 vita
926 2032 1006 2112 ipso·

168 2141 238 2181 rum
250 2115 416 2196 inculpata,
437 2116 467 2178 δι
478 2115 583 2178 multae
595 2116 794 2192 calamitates,
816 2115 1006 2179 conscientia:

167 2203 269 2278 causa,
305 2200 440 2264 toleratae
470 2199 660 2263 manifestum
687 2201 812 2262 faciunt.
857 2197 951 2280 Qod
976 2191 1009 2262 st

168 2289 264 2363 dicas,
287 2286 401 2348 abonis
417 2286 581 2361 mentibus,
604 2284 677 2347 Deo
688 2300 789 2346 tamen
804 2283 1008 2361 inferioribus,

168 2372 304 2457 prosedia
327 2369 436 2433 Christi
459 2392 567 2452 opera3
587 2372 651 2456 jam
677 2392 714 2432 eo
736 2370 797 2451 ipso
819 2369 932 2447 fateris,
954 2369 1010 2434 illa

168 2458 243 2523 Deo
266 2454 416 2538 placuisse,
450 2454 540 2517 &ad
566 2454 629 2519 Dei
653 2456 801 2517 bonorem
825 2454 1008 2535 pertinuisse,

167 2565 257 2606 cum
265 2542 353 2604 bonae
379 2555 495 2602 mentes
517 2540 592 2602 nihil
619 2541 744 2624 saciant,
766 2539 819 2601 nisi
838 2540 920 2621 quod
935 2538 1012 2620 Deo¹

169 2643 304 2715 gratum,
328 2622 439 2707 ipsique
459 2617 626 2710 gloriosum
637 2623 685 2687 fit:
709 2638 743 2685 ut
761 2626 825 2707 jam
840 2639 1010 2704 taceamus,

168 2713 311 2796 quaedam
326 2708 435 2773 Christi
450 2732 541 2791 opera
560 2708 618 2772 elle
639 2710 722 2783 talia,
744 2731 813 2791 quae
831 2706 967 2773 Deum
959 2732 1008 2791 ip

168 2801 236 2861 sum
259 2797 413 2858 audiorem
438 2794 536 2856 testari
561 2795 730 2872 videantur,
754 2809 788 2856 ut
810 2795 921 2857 mortui
943 2817 1009 2859 non

170 2884 261 2945 unius
276 2882 307 2944 in
321 2881 416 2943 vitam
430 2881 593 2942 revocatio.
637 2879 709 2962 Jam
728 2901 799 2944 vero
811 2880 899 2943 Deus
915 2882 1008 2944 mira-

166 2966 243 3047 cula
261 2989 318 3029 nec
344 2966 428 3040 facit,
450 2986 507 3027 nec
528 2963 592 3027 sieri
618 2962 697 3041 linit,
719 2964 828 3048 absque
848 2967 954 3029 causa:
977 2966 1007 3028 id

169 3053 255 3116 enim
269 3052 432 3134 sapientem
446 3048 522 3133 legis
536 3050 724 3115 conditorem
738 3051 873 3127 decet,
860 3074 877 3114 a
890 3051 1010 3134 legibus

203 3170 219 3203 2
236 3150 467 3261 Etarresmaegicar.)
472 3155 577 3263 Qparum
609 3155 782 3235 parationislib.
795 3172 819 3205 v.
831 3171 881 3217 cap
897 3168 919 3202 ι.
947 3152 1010 3201 'lacu

169 3226 193 3268 le
216 3219 270 3267 libri
294 3220 388 3266 hortatu
415 3216 436 3261 di
448 3233 498 3277 cipu
510 3234 577 3268 orum
608 3218 731 3302 τμωμένε,
752 3218 829 3281 ἔδεμιῖι
815 3236 889 3273 aevu
904 3217 957 3264 θεῖιν
971 3217 1013 3276 da-

168 3282 356 3351 Jesucombusti.
389 3280 445 3330 Ast.
454 3295 559 3349 m.9.r
606 3282 811 3348 μοσαςωφελείας
806 3280 882 3330 iedrlo.
914 3281 953 3326 Ex
960 3273 1014 3354 qut

196 3359 218 3412 3
239 3348 289 3395 Por
277 3348 376 3412 ephyrius
397 3346 439 3409 ipse
459 3302 575 3414 agnovia]
607 3349 672 3587 {sus
691 3346 730 3394 cosi
749 3358 856 3412 caeptaie
870 3343 1016 3473 ,publicata

170 3414 246 3508 bacun
257 3412 289 3461 est
305 3412 365 3475 apud
376 3408 500 3460 Eusebium
512 3412 576 3464 Ρη·
643 3427 700 3463 om
710 3413 766 3477 spem
776 3425 831 3460 mma
853 3425 878 3454 en
870 3406 984 3534 ,risun

953 3465 1061 3657 a]
