2325 4050
318 283 436 348 ἄζει.
460 281 660 349 enam.
697 281 792 347 Lu.
816 281 843 345 1.
967 306 1008 377 ¹9

158 407 231 472 test:
257 424 293 472 at
311 410 425 473 centies
441 405 462 470 fi
477 409 544 491 quis
559 408 701 471 eumdem
718 407 825 494 jaciat,
849 428 940 474 nemo
951 410 1009 477 erit

158 495 214 577 qui
228 517 297 594 non
311 497 371 559 hoc
386 495 503 568 abparte
518 491 620 578 aliqua
633 491 714 556 dicat
728 490 885 575 proficisci.

402 663 423 750 §
437 661 528 726 XIII.
551 663 602 728 Ex
615 662 770 729 miraculis.

204 785 253 848 At
267 787 462 850 certiffimum
475 789 585 851 divinae
596 788 790 870 providentize
802 786 1006 852 testimoninm

163 871 302 952 praebent
316 872 473 951 miracula,
495 874 525 936 &
537 873 744 956 praedifflones
756 895 825 957 quae
837 875 867 935 in
880 873 1007 937 historiis

162 955 293 1018 exstant.
331 958 517 1022 Referuntur
524 959 646 1042 quidem
658 957 756 1020 multa
768 958 797 1020 id
809 981 904 1044 genus
916 960 1005 1022 fabu-

163 1039 242 1104 losa:
264 1040 312 1104 sed
332 1065 401 1127 quae
420 1043 506 1106 testes
528 1045 571 1106 sui
593 1045 736 1125 temporis
752 1044 874 1108 idoneos
889 1044 1005 1107 habue-

163 1141 248 1203 runt,
266 1128 363 1204 idest,
385 1128 460 1191 tales
472 1151 603 1213 quorum
614 1150 671 1190 nec
682 1129 844 1214 judicium,
865 1129 1005 1193 neciides

162 1210 295 1289 laboret,
316 1213 475 1299 rejicienda
494 1235 556 1277 non
575 1214 655 1290 sunt,
677 1213 760 1297 quasi
782 1215 909 1277 omnino
932 1215 1005 1278 talia

162 1295 228 1360 ficri
240 1319 304 1360 non
315 1301 432 1380 poffint.
475 1298 561 1361 Nam
573 1320 645 1361 cum
654 1297 742 1361 Deus
753 1297 788 1360 fit
799 1299 1004 1380 omnipotens,

163 1381 307 1465 quidest,
329 1405 460 1447 curnon
475 1385 560 1466 poffit
575 1400 629 1446 aut
647 1383 730 1465 quod
752 1384 805 1445 scit
827 1381 1005 1466 significare,

163 1481 219 1529 aut
240 1468 323 1550 quod
347 1468 415 1532 vult
439 1490 541 1553 agere,
574 1468 668 1529 etiam
697 1485 783 1529 extra
808 1489 1005 1530 communem

162 1567 282 1617 naturae
300 1553 450 1629 ordinem,
471 1554 583 1636 quippe
597 1552 614 1615 ὲ
628 1552 656 1614 se
671 1550 879 1630 constitutum,
903 1551 934 1615 δι
952 1551 1005 1617 fibi

161 1635 276 1719 opificii
293 1639 363 1725 jure
377 1637 560 1743 subjectum?
585 1636 681 1787 Qbod
699 1636 721 1702 si
735 1637 909 1720 quisdicat,
931 1635 1005 1725 talin

161 1722 305 1805 quaedam
319 1723 412 1788 etiam
426 1723 608 1787 amentibus
656 1744 694 1787 eo
707 1722 896 1786 Inferion’bus
911 1736 1003 1806 potu-

160 1805 212 1877 ill'e
231 1805 388 1891 proficisci,
410 1809 537 1872 concedi
552 1809 628 1873 sane.
636 1805 748 1891 potest:
759 1807 819 1882 *sed
832 1807 893 1874 hoc
906 1808 1003 1891 ipsu'm

160 1893 245 1958 viam
266 1891 363 1972 stmit,
395 1910 430 1958 ut
450 1893 568 1958 facilius
592 1895 630 1957 de
650 1891 724 1958 Deo
744 1891 825 1956 idem
847 1892 1002 1957 credatur:

160 1990 230 2041 tum
249 1999 322 2043 vero
341 1979 467 2066 &quod
480 1979 542 2043 illae
555 1993 674 2044 mentes
689 1976 750 2042 tale
764 1978 892 2056 faciunt,
914 1975 1003 2044 Deus

136 2141 142 2149 .
159 2077 216 2145 aut
231 2085 285 2147 per
295 2065 370 2148 ipsas
381 2067 493 2146 facete,
514 2080 569 2128 aut
582 2064 728 2149 sapienter
742 2065 913 2147 permittere
927 2085 1002 2127 cen-

160 2148 268 2211 sendus
284 2148 342 2226 est3
365 2173 438 2215 cum
459 2150 491 2213 ln
510 2152 610 2235 regnis
633 2150 711 2212 bene
734 2147 903 2211 constitutis
926 2147 1000 2210 nihil

121 2249 122 2254 ’
159 2232 226 2296 fieri
239 2233 351 2312 soleat,
381 2252 469 2299 extra
489 2256 668 2300 communes
690 2233 788 2320 leges,
817 2230 871 2297 nist
893 2232 1002 2299 summi

139 2375 141 2378 .
158 2318 285 2383 rectoris
299 2321 453 2385 arbitratu.

158 2487 278 2577 §XIV
279 2536 287 2551 ·
319 2490 491 2576 Praesertim
515 2504 610 2555 autem
633 2493 712 2575 apud
763 2491 865 2564 udaeos,
902 2445 1001 2573 quibis

252 2576 326 2663 fides
341 2578 502 2661 adstruitur
515 2600 550 2639 ex
559 2578 710 2640 duratione
771 2574 893 2658 ligionis.

202 2696 357 2762 Miracula
378 2714 481 2761 autem
504 2697 606 2782 aliqua
630 2720 736 2762 revera
759 2698 922 2784 aliquando
943 2696 1002 2764 ess‘e

156 2783 329 2863 conspecta,
365 2781 480 2845 etiamsi
504 2784 541 2845 de
571 2782 699 2847 aliarum
727 2784 915 2849 historiarum
940 2783 1001 2849 fide

156 2868 287 2930 dubitari
313 2869 409 2950 poffit,
443 2866 492 2946 vel
519 2866 581 2930 sola
606 2868 737 2949 judaica
760 2868 883 2955 Religio
910 2868 1000 2933 facile

156 2953 296 3027 evincat3
320 2975 388 3035 quae
404 2953 586 3038 jampridem
601 2954 740 3019 omnibus
755 2955 897 3018 humanis
911 2954 999 3016 auxi-

155 3038 205 3100 liis
219 3037 370 3113 destituta,
394 3038 456 3100 imo
478 3039 646 3101 contemtui
669 3061 705 3101 ac
727 3039 832 3102 derisui
851 3035 999 3119 exposita,

156 3145 211 3207 per
233 3145 339 3188 omnes
359 3122 453 3185 fenne
474 3122 581 3186 mundi
600 3121 717 3209 plagas,
738 3123 798 3188 8in
812 3122 998 3267 huncddiem

841 3228 893 3291 per
914 3221 980 3268 urat
987 3230 998 3283 3

189 3357 204 3405 8
232 3343 336 3406 ln'bunc
357 3359 412 3406 diem
431 3356 561 3423 perdurat]
595 3357 719 3409 Alexandri
728 3368 831 3419 tempora
842 3353 913 3402 fuere.
946 3363 999 3409 'rn-

155 3423 281 3473 Hecaten
300 3422 438 3495 deJudaeis,
454 3424 493 3489 qui
509 3434 563 3473 ente
595 3428 662 3491 γαςξν
682 3423 720 3471 καὶ
738 3424 811 3475 κακῶς
829 3418 999 3531 &melfia
