2325 4050
307 196 638 302 Roucnnism
676 234 846 300 Lin.V.'
901 214 989 321 '209

142 357 290 435 debeant,
312 358 398 441 supra
416 362 481 446 jam
496 358 692 436 ostendimus,
715 379 753 419 ex
769 354 907 439 promisso
922 380 988 419 ma·

138 446 369 530 jorummulm
391 445 617 507 beneficiorum.
662 443 750 506 Adde
770 444 864 526 quod,
894 441 916 504 fi
938 443 990 504 lex

143 529 187 591 de
201 531 303 612 quiete
314 529 435 593 sabbati
449 529 546 594 fuiil‘et
561 530 598 592 ab
609 530 696 592 initio
709 529 784 604 lata,
807 529 882 590 &eo
894 529 989 603 sensu,

144 630 184 677 ut
198 614 264 677 tolli
275 638 443 699 numquam
456 614 559 698 pollet,
582 616 650 701 sane
665 613 860 697 praevaluillet
870 613 923 676 illa
937 612 988 676 lex

145 692 181 762 in
204 701 347 763 confflem
369 703 495 764 aliarum
520 702 638 785 legum,
672 700 753 783 quod
774 722 856 763 nunc
882 715 989 762 contra

146 785 297 849 sehabet:
321 809 392 849 nam
406 787 602 850 9circumcidi
614 787 743 848 infantes
754 785 846 864 teile,
868 787 900 847 in
913 785 988 847 Sab-

146 871 234 948 bato,
256 870 392 946 constat3
425 871 525 935 ¹s1cut
548 873 578 934 δι
601 871 696 934 stante
719 871 834 953 templo
856 871 987 934 violimae

146 955 285 1040 sabbatis
300 981 364 1020 non
386 959 500 1034 minus,
523 980 616 1041 quam
640 958 743 1018 diebus
767 957 843 1032 aliis,
861 957 986 1042 jugula-

144 1041 268 1111 bantur.
316 1043 528 1109 Mutabilitem
552 1045 642 1129 hujus
665 1040 740 1126 legis
764 1041 816 1122 ipsi
839 1042 986 1106 Hebraeo·

133 1148 215 1191 ·rum
227 1127 357 1212 magistri
374 1128 546 1203 ostendunt,
568 1149 640 1191 cum
656 1131 752 1213 ajunt,
775 1127 811 1188 ad
825 1128 985 1209 imperium

143 1209 306 1294 Prophetae
319 1214 397 1276 reue
415 1237 492 1296 opus
507 1213 570 1275 fieri
587 1213 734 1286 Sabbato;
757 1213 838 1295 quod
859 1214 987 1293 probant

142 1297 647 1465 {llllll‘aenllllllssl’
664 1297 865 1464 liissllll’
884 1300 985 1445 llll*

346 1429 353 1445 u
852 1425 862 1458 ’
972 1418 986 1435 ⁴

127 1476 218 1531 'men
240 1469 356 1532 dierum
381 1467 531 1532 sublatum
553 1468 589 1531 iri
612 1491 675 1531 non
703 1466 784 1530 male
810 1468 985 1531 eorumdem

143 1552 286 1618 nonnulli
302 1551 463 1617 ostendunt
473 1576 512 1618 ex
525 1551 619 1616 Esaiae
634 1553 717 1630 loco,
739 1571 839 1616 uxvi.
858 1571 876 1617 2
901 1597 908 1614 .
934 1553 985 1616 ubi

142 1637 328 1722 praedicitur,
350 1639 414 1701 fore
426 1653 461 1702 ut
473 1654 635 1722 perpetuus
648 1637 683 1702 fit
694 1637 756 1702 Dei
768 1637 868 1701 cultus
881 1660 898 1699 a
909 1636 983 1701 Sab-

142 1724 217 1791 bato
231 1725 269 1788 ad
283 1724 460 1802 Sabbatum,
483 1723 673 1789 inovihmio
688 1723 725 1788 ad
739 1723 941 1790 novilunium.

151 1852 172 1889 υ
243 1888 264 1981 §
279 1887 337 1953 XI.
361 1888 597 1976 Circumciſsonem
609 1913 710 1976 quoque
724 1905 876 1954 externam.
979 1928 982 1933 -

185 1988 356 2057 Veniamus
376 1994 413 2058 ad
433 1991 703 2071 circumcisionem,
726 2015 795 2078 quae
809 1993 878 2055 sane
892 1989 983 2057 Mose

141 2075 185 2141 est
208 2080 371 2163 antiquior,
392 2082 503 2164 quippe
525 2079 703 2142 Abrahamo
725 2080 883 2160 imperata,
905 2079 983 2162 ejus*

112 2177 116 2190 ·
141 2184 202 2246 que
216 2163 348 2246 posteris.
385 2164 441 2227 Sed
453 2167 513 2228 hoc
524 2165 620 2249 ipsum
631 2179 816 2246 praeceptum
828 2162 982 2225 inihoatio

139 2249 199 2311 fuit
218 2248 340 2314 foederis
363 2273 416 2333 per
430 2249 552 2313 Molem
575 2246 729 2331 publicati.
775 2247 823 2311 Sic
838 2249 920 2309 enim
935 2248 981 2309 di·

139 2332 212 2397 xille
235 2334 323 2399 Deus
349 2336 523 2398 Abrahamo
548 2334 660 2420 legitur
674 2332 785 2398 Genes.
802 2357 868 2415 cap.
885 2352 979 2396 xvn.

139 2419 226 2483 Dabo
240 2420 306 2495 tibi,
330 2423 365 2483 ὅ
386 2422 547 2506 posteritati
568 2436 626 2484 tuae
644 2424 764 2493 ferram,
787 2422 817 2482 in
832 2444 886 2504 qua
898 2434 980 2502 pere-

134 2506 238 2590 grinus
253 2507 345 2591 egssi,
368 2520 486 2583 terram,
509 2507 636 2590 inquam,
670 2505 842 2567 Cananaeam
866 2503 896 2565 in
915 2504 979 2590 pos-

128 2588 271 2675 sefflonem
290 2595 470 2656 duraturam.
516 2593 562 2654 Tu
576 2615 639 2674 ergo
655 2594 760 2678 soedus
774 2614 862 2653 meum
877 2588 979 2675 serva,

138 2690 183 2750 tu,
208 2674 333 2758 inquam,
358 2681 392 2741 ὅ
404 2676 552 2762 posteritas
567 2694 616 2739 tua
632 2691 684 2760 per
698 2676 814 2761 saecula.
858 2675 922 2739 Hoc
940 2678 980 2759 ιβ

126 2762 233 2845 soedus
247 2762 321 2827 inter
335 2788 376 2826 me
398 2767 432 2826 (ἐ
451 2788 511 2840 vos,
534 2763 709 2843 vestramque
724 2762 924 2846 posteritatem,
948 2777 981 2825 ut

136 2846 355 2911 circumcidatur
374 2850 460 2912 omnis
482 2873 548 2913 mas.
595 2848 690 2931 Atqui
709 2848 773 2933 jam
789 2849 874 2928 supra
889 2848 979 2910 intel·

137 2929 268 2992 leximus
288 2934 320 2995 in
340 2935 429 3018 hujus
446 2934 566 2997 foederis
587 2934 690 2995 locum
706 2932 904 2996 succellurum
919 2934 979 2994 ioe-

137 3022 194 3086 dus
210 3040 336 3095 novum,
360 3020 389 3081 &
412 3021 535 3105 quidem
559 3041 722 3081 commune
746 3019 864 3101 populis
878 3018 979 3079 omni-

205 3119 333 3167 circumcidi
348 3123 439 3185 finanus
456 3128 511 3171 rene
523 3123 546 3169 in
613 3136 623 3166 1
642 3120 702 3167 Sicut
717 3120 746 3168 ἔθ’
758 3120 828 3181 stante
839 3118 922 3182 Templo
938 3119 979 3163 vi·

136 3136 334 3246 Saibatoconllat.]
344 3188 490 3232 proverbium
497 3190 545 3232 He·
577 3186 649 3232 nima
661 3202 700 3230 non
712 3186 778 3230 minus
790 3181 899 3240 sabbatis,
917 3200 979 3245 quam

137 3246 329 3307 braicumfflx
337 3234 545 3309 ffiffi'ffll'm
576 3249 647 3295 dicbus
658 3249 707 3294 aliis
713 3246 880 3311 jugulabantur.
904 3249 978 3297 Num·

122 3310 250 3374 ffliffi,
275 3315 401 3374 Circtcmcfio
412 3315 474 3377 pellit
487 3314 543 3362 Sab-
578 3328 678 3361 xxvlll·
698 3328 721 3376 9·

135 3376 217 3435 batum,
235 3378 295 3425 Vide
306 3377 361 3447 Joh.
374 3393 427 3427 vu.
441 3393 481 3429 ιι.
911 3434 930 3497 b

933 3456 979 3516 us,
