<?xml version="1.0" encoding="UTF-8"?>
<!DOCTYPE html PUBLIC "-//W3C//DTD XHTML 1.0 Transitional//EN"
    "http://www.w3.org/TR/xhtml1/DTD/xhtml1-transitional.dtd">
<html xmlns="http://www.w3.org/1999/xhtml" xml:lang="en" lang="en">
 <head>
  <title>
</title>
<meta http-equiv="Content-Type" content="text/html;charset=utf-8" />
  <meta name='ocr-system' content='tesseract 3.04.00' />
  <meta name='ocr-capabilities' content='ocr_page ocr_carea ocr_par ocr_line ocrx_word'/>
</head>
<body>
  <div class='ocr_page' id='page_1' title='image "./hugogrotiusdeve00clergoog_0288.png"; bbox 0 0 2325 4050; ppageno 0'>
   <div class='ocr_carea' id='block_1_1' title="bbox 203 305 948 399">
    <p class='ocr_par' dir='ltr' id='par_1_1' title="bbox 203 305 948 399">
     <span class='ocr_line' id='line_1_1' title="bbox 203 305 948 399; baseline -0.026 -12"><span class='ocrx_word' id='word_1_1' title='bbox 203 318 268 388; x_wconf 86' lang='lat'><strong>280</strong></span> <span class='ocrx_word' id='word_1_2' title='bbox 310 305 948 399; x_wconf 64' lang='lat' dir='ltr'><strong>J.cm1c1nssmosnnn</strong></span> 
     </span>
    </p>
   </div>
   <div class='ocr_carea' id='block_1_2' title="bbox 162 430 1057 2048">
    <p class='ocr_par' dir='ltr' id='par_1_2' title="bbox 162 430 1057 2048">
     <span class='ocr_line' id='line_1_2' title="bbox 201 430 1057 523; baseline -0.012 -19"><span class='ocrx_word' id='word_1_3' title='bbox 201 463 254 523; x_wconf 90' lang='lat' dir='ltr'><strong>per</strong></span> <span class='ocrx_word' id='word_1_4' title='bbox 279 437 419 503; x_wconf 79' lang='lat' dir='ltr'><strong>remansit</strong></span> <span class='ocrx_word' id='word_1_5' title='bbox 442 436 559 500; x_wconf 91' lang='lat' dir='ltr'><strong>summa</strong></span> <span class='ocrx_word' id='word_1_6' title='bbox 583 434 635 495; x_wconf 87' lang='lat' dir='ltr'><strong>illa</strong></span> <span class='ocrx_word' id='word_1_7' title='bbox 657 432 829 517; x_wconf 84' lang='lat' dir='ltr'><strong>Religionis</strong></span> <span class='ocrx_word' id='word_1_8' title='bbox 853 430 1057 511; x_wconf 71' lang='lat' dir='ltr'><strong>Christianae,</strong></span> 
     </span>
     <span class='ocr_line' id='line_1_3' title="bbox 201 516 1056 595; baseline -0.007 -8"><span class='ocrx_word' id='word_1_9' title='bbox 201 541 291 587; x_wconf 87' lang='lat' dir='ltr'><strong>antea</strong></span> <span class='ocrx_word' id='word_1_10' title='bbox 306 525 423 587; x_wconf 76' lang='lat' dir='ltr'><strong>anobis</strong></span> <span class='ocrx_word' id='word_1_11' title='bbox 438 521 596 584; x_wconf 86' lang='lat' dir='ltr'><strong>delineata.</strong></span> <span class='ocrx_word' id='word_1_12' title='bbox 640 517 799 579; x_wconf 89' lang='lat' dir='ltr'><strong>⁹Nullum</strong></span> <span class='ocrx_word' id='word_1_13' title='bbox 824 516 871 579; x_wconf 91' lang='lat' dir='ltr'><strong>est</strong></span> <span class='ocrx_word' id='word_1_14' title='bbox 893 518 1056 595; x_wconf 78' lang='lat' dir='ltr'><strong>saeculum,</strong></span> 
     </span>
     <span class='ocr_line' id='line_1_4' title="bbox 201 601 1056 693; baseline -0.006 -22"><span class='ocrx_word' id='word_1_15' title='bbox 201 612 294 671; x_wconf 91' lang='lat' dir='ltr'><strong>tantis</strong></span> <span class='ocrx_word' id='word_1_16' title='bbox 309 608 487 693; x_wconf 84' lang='lat' dir='ltr'><strong>ignorantiae</strong></span> <span class='ocrx_word' id='word_1_17' title='bbox 502 605 532 667; x_wconf 72' lang='grc' dir='ltr'><strong>ἃ</strong></span> <span class='ocrx_word' id='word_1_18' title='bbox 543 604 686 667; x_wconf 89' lang='lat' dir='ltr'><strong>vitiorum</strong></span> <span class='ocrx_word' id='word_1_19' title='bbox 698 603 829 665; x_wconf 82' lang='lat' dir='ltr'><strong>tenebris</strong></span> <span class='ocrx_word' id='word_1_20' title='bbox 839 601 995 681; x_wconf 77' lang='lat' dir='ltr'><strong>obsitum,</strong></span> <span class='ocrx_word' id='word_1_21' title='bbox 1017 626 1056 667; x_wconf 88' lang='lat' dir='ltr'><strong>ex</strong></span> 
     </span>
     <span class='ocr_line' id='line_1_5' title="bbox 202 688 1055 779; baseline -0.009 -22"><span class='ocrx_word' id='word_1_22' title='bbox 202 698 288 779; x_wconf 88' lang='lat' dir='ltr'><strong>cujus</strong></span> <span class='ocrx_word' id='word_1_23' title='bbox 304 693 501 773; x_wconf 84' lang='lat' dir='ltr'><strong>Scriptoribus</strong></span> <span class='ocrx_word' id='word_1_24' title='bbox 517 688 716 771; x_wconf 83' lang='lat' dir='ltr'><strong>superstitibus</strong></span> <span class='ocrx_word' id='word_1_25' title='bbox 730 710 792 750; x_wconf 89' lang='lat' dir='ltr'><strong>non</strong></span> <span class='ocrx_word' id='word_1_26' title='bbox 816 690 933 769; x_wconf 88' lang='lat' dir='ltr'><strong>poffint</strong></span> <span class='ocrx_word' id='word_1_27' title='bbox 956 689 1055 769; x_wconf 88' lang='lat' dir='ltr'><strong>capita</strong></span> 
     </span>
     <span class='ocr_line' id='line_1_6' title="bbox 201 772 1054 856; baseline -0.007 -15"><span class='ocrx_word' id='word_1_28' title='bbox 201 779 271 841; x_wconf 88' lang='lat' dir='ltr'><strong>fidei</strong></span> <span class='ocrx_word' id='word_1_29' title='bbox 293 795 362 840; x_wconf 88' lang='lat' dir='ltr'><strong>ante</strong></span> <span class='ocrx_word' id='word_1_30' title='bbox 386 791 554 838; x_wconf 87' lang='lat' dir='ltr'><strong>memorata</strong></span> <span class='ocrx_word' id='word_1_31' title='bbox 575 772 663 835; x_wconf 87' lang='lat' dir='ltr'><strong>facile</strong></span> <span class='ocrx_word' id='word_1_32' title='bbox 686 772 802 856; x_wconf 82' lang='lat' dir='ltr'><strong>colligi.</strong></span> <span class='ocrx_word' id='word_1_33' title='bbox 846 772 964 836; x_wconf 87' lang='lat' dir='ltr'><strong>Multa</strong></span> <span class='ocrx_word' id='word_1_34' title='bbox 988 776 1054 835; x_wconf 88' lang='lat' dir='ltr'><strong>sane</strong></span> 
     </span>
     <span class='ocr_line' id='line_1_7' title="bbox 204 857 1052 946; baseline -0.007 -21"><span class='ocrx_word' id='word_1_35' title='bbox 204 868 317 946; x_wconf 90' lang='lat' dir='ltr'><strong>(neque</strong></span> <span class='ocrx_word' id='word_1_36' title='bbox 329 863 410 923; x_wconf 90' lang='lat' dir='ltr'><strong>enirn</strong></span> <span class='ocrx_word' id='word_1_37' title='bbox 422 863 481 922; x_wconf 92' lang='lat' dir='ltr'><strong>hoc</strong></span> <span class='ocrx_word' id='word_1_38' title='bbox 493 858 749 940; x_wconf 84' lang='lat' dir='ltr'><strong>diflimulandum)</strong></span> <span class='ocrx_word' id='word_1_39' title='bbox 765 857 882 932; x_wconf 84' lang='lat' dir='ltr'><strong>aliena,</strong></span> <span class='ocrx_word' id='word_1_40' title='bbox 907 858 939 919; x_wconf 74' lang='grc' dir='ltr'><strong>δι</strong></span> <span class='ocrx_word' id='word_1_41' title='bbox 951 858 1052 939; x_wconf 87' lang='lat' dir='ltr'><strong>Scn&#39;p-</strong></span> 
     </span>
     <span class='ocr_line' id='line_1_8' title="bbox 201 943 1051 1026; baseline -0.005 -17"><span class='ocrx_word' id='word_1_42' title='bbox 201 951 241 1011; x_wconf 82' lang='lat' dir='ltr'><strong>tis</strong></span> <span class='ocrx_word' id='word_1_43' title='bbox 267 948 352 1008; x_wconf 87' lang='lat' dir='ltr'><strong>Novi</strong></span> <span class='ocrx_word' id='word_1_44' title='bbox 378 945 569 1026; x_wconf 86' lang='lat' dir='ltr'><strong>Testamenti</strong></span> <span class='ocrx_word' id='word_1_45' title='bbox 595 944 701 1025; x_wconf 86' lang='lat' dir='ltr'><strong>ignota</strong></span> <span class='ocrx_word' id='word_1_46' title='bbox 729 943 797 1004; x_wconf 89' lang='lat' dir='ltr'><strong>sunt</strong></span> <span class='ocrx_word' id='word_1_47' title='bbox 826 943 936 1004; x_wconf 85' lang='lat' dir='ltr'><strong>addita</strong></span> <span class='ocrx_word' id='word_1_48' title='bbox 961 944 994 1006; x_wconf 80' lang='lat' dir='ltr'><strong>dt</strong></span> <span class='ocrx_word' id='word_1_49' title='bbox 1021 945 1051 1005; x_wconf 91' lang='lat' dir='ltr'><strong>in</strong></span> 
     </span>
     <span class='ocr_line' id='line_1_9' title="bbox 202 1027 1050 1112; baseline -0.006 -16"><span class='ocrx_word' id='word_1_50' title='bbox 202 1031 404 1097; x_wconf 83' lang='lat' dir='ltr'><strong>Christianam</strong></span> <span class='ocrx_word' id='word_1_51' title='bbox 419 1029 629 1112; x_wconf 85' lang='lat' dir='ltr'><strong>Theologiam</strong></span> <span class='ocrx_word' id='word_1_52' title='bbox 649 1027 778 1101; x_wconf 74' lang='lat' dir='ltr'><strong>intrusa,</strong></span> <span class='ocrx_word' id='word_1_53' title='bbox 803 1028 920 1109; x_wconf 91' lang='lat' dir='ltr'><strong>quibus</strong></span> <span class='ocrx_word' id='word_1_54' title='bbox 935 1029 1050 1091; x_wconf 66' lang='lat' dir='ltr'><strong>saelum</strong></span> 
     </span>
     <span class='ocr_line' id='line_1_10' title="bbox 201 1111 1051 1195; baseline -0.002 -17"><span class='ocrx_word' id='word_1_55' title='bbox 201 1117 244 1178; x_wconf 84' lang='lat' dir='ltr'><strong>est</strong></span> <span class='ocrx_word' id='word_1_56' title='bbox 259 1131 294 1178; x_wconf 93' lang='lat' dir='ltr'><strong>ut</strong></span> <span class='ocrx_word' id='word_1_57' title='bbox 309 1139 346 1177; x_wconf 89' lang='lat' dir='ltr'><strong>ne</strong></span> <span class='ocrx_word' id='word_1_58' title='bbox 360 1137 465 1177; x_wconf 90' lang='lat' dir='ltr'><strong>verum</strong></span> <span class='ocrx_word' id='word_1_59' title='bbox 481 1112 661 1195; x_wconf 89' lang='lat' dir='ltr'><strong>Euangelici</strong></span> <span class='ocrx_word' id='word_1_60' title='bbox 681 1111 761 1173; x_wconf 89' lang='lat' dir='ltr'><strong>illius</strong></span> <span class='ocrx_word' id='word_1_61' title='bbox 784 1113 893 1174; x_wconf 88' lang='lat' dir='ltr'><strong>satoris</strong></span> <span class='ocrx_word' id='word_1_62' title='bbox 914 1115 1051 1176; x_wconf 84' lang='lat' dir='ltr'><strong>triticum</strong></span> 
     </span>
     <span class='ocr_line' id='line_1_11' title="bbox 202 1197 1047 1281; baseline -0.004 -19"><span class='ocrx_word' id='word_1_63' title='bbox 202 1218 303 1263; x_wconf 87' lang='lat' dir='ltr'><strong>tantos</strong></span> <span class='ocrx_word' id='word_1_64' title='bbox 322 1202 436 1262; x_wconf 69' lang='lat' dir='ltr'><strong>sruslus</strong></span> <span class='ocrx_word' id='word_1_65' title='bbox 461 1200 617 1281; x_wconf 84' lang='lat' dir='ltr'><strong>proferret,</strong></span> <span class='ocrx_word' id='word_1_66' title='bbox 640 1212 770 1278; x_wconf 84' lang='lat' dir='ltr'><strong>quantos</strong></span> <span class='ocrx_word' id='word_1_67' title='bbox 791 1197 924 1279; x_wconf 78' lang='lat' dir='ltr'><strong>alioqui,</strong></span> <span class='ocrx_word' id='word_1_68' title='bbox 948 1200 1047 1279; x_wconf 86' lang='lat' dir='ltr'><strong>spinis,</strong></span> 
     </span>
     <span class='ocr_line' id='line_1_12' title="bbox 202 1282 1046 1368; baseline -0.004 -19"><span class='ocrx_word' id='word_1_69' title='bbox 202 1288 370 1368; x_wconf 84' lang='lat' dir='ltr'><strong>noxiisque,</strong></span> <span class='ocrx_word' id='word_1_70' title='bbox 409 1300 461 1345; x_wconf 89' lang='lat' dir='ltr'><strong>aut</strong></span> <span class='ocrx_word' id='word_1_71' title='bbox 481 1282 645 1352; x_wconf 71' lang='lat' dir='ltr'><strong>‚inutilibus</strong></span> <span class='ocrx_word' id='word_1_72' title='bbox 675 1282 772 1343; x_wconf 86' lang='lat' dir='ltr'><strong>herbis</strong></span> <span class='ocrx_word' id='word_1_73' title='bbox 800 1299 936 1366; x_wconf 81' lang='lat' dir='ltr'><strong>purgato</strong></span> <span class='ocrx_word' id='word_1_74' title='bbox 964 1306 1046 1367; x_wconf 88' lang='lat' dir='ltr'><strong>agro,</strong></span> 
     </span>
     <span class='ocr_line' id='line_1_13' title="bbox 202 1366 1047 1453; baseline 0 -22"><span class='ocrx_word' id='word_1_75' title='bbox 202 1367 378 1453; x_wconf 78' lang='lat' dir='ltr'><strong>protulisset.</strong></span> <span class='ocrx_word' id='word_1_76' title='bbox 423 1368 528 1430; x_wconf 84' lang='lat' dir='ltr'><strong>Multa</strong></span> <span class='ocrx_word' id='word_1_77' title='bbox 551 1368 623 1430; x_wconf 83' lang='lat' dir='ltr'><strong>vitia</strong></span> <span class='ocrx_word' id='word_1_78' title='bbox 645 1388 680 1428; x_wconf 88' lang='lat' dir='ltr'><strong>ac</strong></span> <span class='ocrx_word' id='word_1_79' title='bbox 704 1366 813 1428; x_wconf 77' lang='lat' dir='ltr'><strong>delidta</strong></span> <span class='ocrx_word' id='word_1_80' title='bbox 835 1389 903 1428; x_wconf 92' lang='lat' dir='ltr'><strong>non</strong></span> <span class='ocrx_word' id='word_1_81' title='bbox 928 1369 1047 1432; x_wconf 78' lang='lat' dir='ltr'><strong>admissi</strong></span> 
     </span>
     <span class='ocr_line' id='line_1_14' title="bbox 204 1451 1044 1531; baseline -0.001 -13"><span class='ocrx_word' id='word_1_82' title='bbox 204 1473 336 1530; x_wconf 83' lang='lat' dir='ltr'><strong>tantum,</strong></span> <span class='ocrx_word' id='word_1_83' title='bbox 371 1470 423 1517; x_wconf 90' lang='lat' dir='ltr'><strong>aut</strong></span> <span class='ocrx_word' id='word_1_84' title='bbox 439 1452 589 1527; x_wconf 87' lang='lat' dir='ltr'><strong>tolerata,</strong></span> <span class='ocrx_word' id='word_1_85' title='bbox 620 1451 668 1513; x_wconf 90' lang='lat' dir='ltr'><strong>sed</strong></span> <span class='ocrx_word' id='word_1_86' title='bbox 693 1452 784 1513; x_wconf 87' lang='lat' dir='ltr'><strong>etiam</strong></span> <span class='ocrx_word' id='word_1_87' title='bbox 810 1452 936 1515; x_wconf 86' lang='lat' dir='ltr'><strong>laudata</strong></span> <span class='ocrx_word' id='word_1_88' title='bbox 961 1455 1027 1517; x_wconf 86' lang='lat' dir='ltr'><strong>sunt</strong></span> <span class='ocrx_word' id='word_1_89' title='bbox 1034 1484 1044 1531; x_wconf 78' lang='lat'><em>3</em></span> 
     </span>
     <span class='ocr_line' id='line_1_15' title="bbox 204 1534 1044 1614; baseline -0.001 -12"><span class='ocrx_word' id='word_1_90' title='bbox 204 1562 260 1603; x_wconf 90' lang='lat' dir='ltr'><strong>nec</strong></span> <span class='ocrx_word' id='word_1_91' title='bbox 274 1562 311 1602; x_wconf 87' lang='lat' dir='ltr'><strong>eo</strong></span> <span class='ocrx_word' id='word_1_92' title='bbox 323 1541 416 1602; x_wconf 84' lang='lat' dir='ltr'><strong>secius</strong></span> <span class='ocrx_word' id='word_1_93' title='bbox 427 1539 558 1600; x_wconf 88' lang='lat' dir='ltr'><strong>salutaris</strong></span> <span class='ocrx_word' id='word_1_94' title='bbox 571 1536 706 1597; x_wconf 80' lang='lat' dir='ltr'><strong>dodlrina</strong></span> <span class='ocrx_word' id='word_1_95' title='bbox 717 1534 880 1599; x_wconf 86' lang='lat' dir='ltr'><strong>incolumis</strong></span> <span class='ocrx_word' id='word_1_96' title='bbox 893 1539 965 1614; x_wconf 89' lang='lat' dir='ltr'><strong>fuit,</strong></span> <span class='ocrx_word' id='word_1_97' title='bbox 989 1542 1044 1602; x_wconf 88' lang='lat' dir='ltr'><strong>ser-</strong></span> 
     </span>
     <span class='ocr_line' id='line_1_16' title="bbox 201 1620 1045 1697; baseline 0.001 -10"><span class='ocrx_word' id='word_1_98' title='bbox 201 1627 279 1687; x_wconf 85' lang='lat' dir='ltr'><strong>vatis</strong></span> <span class='ocrx_word' id='word_1_99' title='bbox 293 1625 377 1687; x_wconf 88' lang='lat' dir='ltr'><strong>Novi</strong></span> <span class='ocrx_word' id='word_1_100' title='bbox 394 1622 583 1686; x_wconf 88' lang='lat' dir='ltr'><strong>Testamenti</strong></span> <span class='ocrx_word' id='word_1_101' title='bbox 598 1621 709 1697; x_wconf 88' lang='lat' dir='ltr'><strong>Libris,</strong></span> <span class='ocrx_word' id='word_1_102' title='bbox 732 1621 762 1683; x_wconf 81' lang='lat'>&amp;</span> <span class='ocrx_word' id='word_1_103' title='bbox 781 1622 865 1683; x_wconf 91' lang='lat' dir='ltr'><strong>sensu</strong></span> <span class='ocrx_word' id='word_1_104' title='bbox 886 1620 1045 1688; x_wconf 89' lang='lat' dir='ltr'><strong>communi</strong></span> 
     </span>
     <span class='ocr_line' id='line_1_17' title="bbox 162 1706 1045 1789; baseline 0.002 -18"><span class='ocrx_word' id='word_1_105' title='bbox 162 1717 173 1729; x_wconf 79' lang='lat'><strong><em>‘</em></strong></span> <span class='ocrx_word' id='word_1_106' title='bbox 202 1710 281 1771; x_wconf 90' lang='lat' dir='ltr'><strong>inter</strong></span> <span class='ocrx_word' id='word_1_107' title='bbox 300 1708 502 1780; x_wconf 83' lang='lat' dir='ltr'><strong>Christianos3</strong></span> <span class='ocrx_word' id='word_1_108' title='bbox 526 1707 636 1789; x_wconf 89' lang='lat' dir='ltr'><strong>quibus</strong></span> <span class='ocrx_word' id='word_1_109' title='bbox 659 1706 772 1767; x_wconf 70' lang='lat' dir='ltr'><strong>fastum</strong></span> <span class='ocrx_word' id='word_1_110' title='bbox 797 1706 839 1768; x_wconf 86' lang='lat' dir='ltr'><strong>est</strong></span> <span class='ocrx_word' id='word_1_111' title='bbox 861 1724 898 1769; x_wconf 95' lang='lat' dir='ltr'><strong>ut</strong></span> <span class='ocrx_word' id='word_1_112' title='bbox 923 1710 1045 1773; x_wconf 80' lang='lat' dir='ltr'><strong>subinde</strong></span> 
     </span>
     <span class='ocr_line' id='line_1_18' title="bbox 201 1791 1044 1875; baseline 0.002 -19"><span class='ocrx_word' id='word_1_113' title='bbox 201 1796 300 1856; x_wconf 84' lang='lat' dir='ltr'><strong>exorti</strong></span> <span class='ocrx_word' id='word_1_114' title='bbox 315 1793 371 1856; x_wconf 84' lang='lat' dir='ltr'><strong>srnt</strong></span> <span class='ocrx_word' id='word_1_115' title='bbox 387 1795 439 1855; x_wconf 85' lang='lat' dir='ltr'><strong>viri</strong></span> <span class='ocrx_word' id='word_1_116' title='bbox 455 1792 596 1875; x_wconf 79' lang='lat' dir='ltr'><strong>insignes,</strong></span> <span class='ocrx_word' id='word_1_117' title='bbox 618 1793 671 1873; x_wconf 91' lang='lat' dir='ltr'><strong>qui</strong></span> <span class='ocrx_word' id='word_1_118' title='bbox 682 1792 754 1852; x_wconf 88' lang='lat' dir='ltr'><strong>vitia</strong></span> <span class='ocrx_word' id='word_1_119' title='bbox 765 1791 921 1855; x_wconf 85' lang='lat' dir='ltr'><strong>&amp;errores</strong></span> <span class='ocrx_word' id='word_1_120' title='bbox 933 1797 991 1857; x_wconf 84' lang='lat' dir='ltr'><strong>aevi</strong></span> <span class='ocrx_word' id='word_1_121' title='bbox 1004 1796 1044 1859; x_wconf 88' lang='lat' dir='ltr'><strong>sui</strong></span> 
     </span>
     <span class='ocr_line' id='line_1_19' title="bbox 203 1877 1044 1965; baseline 0.005 -25"><span class='ocrx_word' id='word_1_122' title='bbox 203 1878 391 1963; x_wconf 85' lang='lat' dir='ltr'><strong>castigarent,</strong></span> <span class='ocrx_word' id='word_1_123' title='bbox 416 1878 565 1939; x_wconf 85' lang='lat' dir='ltr'><strong>&amp;contra</strong></span> <span class='ocrx_word' id='word_1_124' title='bbox 585 1886 750 1938; x_wconf 86' lang='lat' dir='ltr'><strong>torrentem</strong></span> <span class='ocrx_word' id='word_1_125' title='bbox 772 1877 895 1939; x_wconf 84' lang='lat' dir='ltr'><strong>brachia</strong></span> <span class='ocrx_word' id='word_1_126' title='bbox 917 1879 1044 1965; x_wconf 85' lang='lat' dir='ltr'><strong>dirigere</strong></span> 
     </span>
     <span class='ocr_line' id='line_1_20' title="bbox 203 1960 1043 2048; baseline 0.001 -21"><span class='ocrx_word' id='word_1_127' title='bbox 203 1964 357 2027; x_wconf 85' lang='lat' dir='ltr'><strong>auderent.</strong></span> <span class='ocrx_word' id='word_1_128' title='bbox 403 1962 450 2026; x_wconf 88' lang='lat' dir='ltr'><strong>Sic</strong></span> <span class='ocrx_word' id='word_1_129' title='bbox 474 1962 587 2025; x_wconf 80' lang='lat' dir='ltr'><strong>obstitit</strong></span> <span class='ocrx_word' id='word_1_130' title='bbox 601 1960 688 2024; x_wconf 84' lang='lat' dir='ltr'><strong>Deus</strong></span> <span class='ocrx_word' id='word_1_131' title='bbox 712 1982 762 2038; x_wconf 90' lang='lat' dir='ltr'><strong>ne,</strong></span> <span class='ocrx_word' id='word_1_132' title='bbox 785 1984 824 2022; x_wconf 88' lang='lat' dir='ltr'><strong>ex</strong></span> <span class='ocrx_word' id='word_1_133' title='bbox 840 1962 953 2028; x_wconf 88' lang='lat' dir='ltr'><strong>Christi</strong></span> <span class='ocrx_word' id='word_1_134' title='bbox 974 1988 1043 2048; x_wconf 89' lang='lat' dir='ltr'><strong>pro-</strong></span> 
     </span>
    </p>
   </div>
   <div class='ocr_carea' id='block_1_3' title="bbox 202 2048 1043 2218">
    <p class='ocr_par' dir='ltr' id='par_1_3' title="bbox 202 2048 1043 2218">
     <span class='ocr_line' id='line_1_21' title="bbox 204 2048 1043 2134; baseline -0.004 -22"><span class='ocrx_word' id='word_1_135' title='bbox 204 2048 300 2126; x_wconf 78' lang='lat' dir='ltr'><strong>misso,</strong></span> <span class='ocrx_word' id='word_1_136' title='bbox 334 2059 345 2092; x_wconf 86' lang='lat'>¹</span> <span class='ocrx_word' id='word_1_137' title='bbox 355 2065 447 2133; x_wconf 82' lang='lat' dir='ltr'><strong>portae</strong></span> <span class='ocrx_word' id='word_1_138' title='bbox 466 2049 591 2133; x_wconf 76' lang='lat' dir='ltr'><strong>sepulcri</strong></span> <span class='ocrx_word' id='word_1_139' title='bbox 614 2065 709 2110; x_wconf 82' lang='lat' dir='ltr'><strong>contra</strong></span> <span class='ocrx_word' id='word_1_140' title='bbox 730 2049 877 2132; x_wconf 79' lang='lat' dir='ltr'><strong>Ecclestam</strong></span> <span class='ocrx_word' id='word_1_141' title='bbox 898 2059 1043 2134; x_wconf 67' lang='lat' dir='ltr'><strong>praeoole.</strong></span> 
     </span>
     <span class='ocr_line' id='line_1_22' title="bbox 202 2131 1042 2218; baseline 0.008 -20"><span class='ocrx_word' id='word_1_142' title='bbox 202 2152 282 2210; x_wconf 82' lang='lat' dir='ltr'><strong>rent3</strong></span> <span class='ocrx_word' id='word_1_143' title='bbox 306 2136 365 2197; x_wconf 83' lang='lat' dir='ltr'><strong>hoe</strong></span> <span class='ocrx_word' id='word_1_144' title='bbox 380 2133 432 2208; x_wconf 91' lang='lat' dir='ltr'><strong>est,</strong></span> <span class='ocrx_word' id='word_1_145' title='bbox 456 2156 494 2195; x_wconf 91' lang='lat' dir='ltr'><strong>ne</strong></span> <span class='ocrx_word' id='word_1_146' title='bbox 515 2155 661 2218; x_wconf 75' lang='lat' dir='ltr'><strong>umquam</strong></span> <span class='ocrx_word' id='word_1_147' title='bbox 680 2131 920 2216; x_wconf 80' lang='lat' dir='ltr'><strong>exstingueretur</strong></span> <span class='ocrx_word' id='word_1_148' title='bbox 942 2155 1042 2205; x_wconf 84' lang='lat' dir='ltr'><strong>coetue</strong></span> 
     </span>
    </p>
   </div>
   <div class='ocr_carea' id='block_1_4' title="bbox 192 2269 1059 3363">
    <p class='ocr_par' dir='ltr' id='par_1_4' title="bbox 192 2269 1059 3363">
     <span class='ocr_line' id='line_1_23' title="bbox 235 2269 1042 2335; baseline 0.007 -17"><span class='ocrx_word' id='word_1_149' title='bbox 235 2272 356 2333; x_wconf 77' lang='lat' dir='ltr'><strong>9Nullum</strong></span> <span class='ocrx_word' id='word_1_150' title='bbox 373 2271 400 2333; x_wconf 77' lang='lat' dir='ltr'><strong>est</strong></span> <span class='ocrx_word' id='word_1_151' title='bbox 411 2270 523 2335; x_wconf 64' lang='lat' dir='ltr'><strong>saeculnm,</strong></span> <span class='ocrx_word' id='word_1_152' title='bbox 545 2269 604 2335; x_wconf 68' lang='lat' dir='ltr'><strong>deo]</strong></span> <span class='ocrx_word' id='word_1_153' title='bbox 637 2272 746 2318; x_wconf 71' lang='lat' dir='ltr'><strong>doslrince</strong></span> <span class='ocrx_word' id='word_1_154' title='bbox 758 2271 1042 2334; x_wconf 75' lang='lat' dir='ltr'><strong>christianaecorpusc&#39;ol-</strong></span> 
     </span>
     <span class='ocr_line' id='line_1_24' title="bbox 203 2334 1041 2397; baseline 0.01 -17"><span class='ocrx_word' id='word_1_155' title='bbox 203 2334 276 2381; x_wconf 84' lang='lat' dir='ltr'><strong>Nulla</strong></span> <span class='ocrx_word' id='word_1_156' title='bbox 302 2334 383 2382; x_wconf 68' lang='lat' dir='ltr'><strong>secula</strong></span> <span class='ocrx_word' id='word_1_157' title='bbox 411 2337 473 2396; x_wconf 86' lang='lat' dir='ltr'><strong>pejus</strong></span> <span class='ocrx_word' id='word_1_158' title='bbox 501 2337 604 2392; x_wconf 85' lang='lat' dir='ltr'><strong>audiunt,</strong></span> <span class='ocrx_word' id='word_1_159' title='bbox 637 2336 766 2397; x_wconf 76' lang='lat' dir='ltr'><strong>ligiquest.</strong></span> <span class='ocrx_word' id='word_1_160' title='bbox 800 2339 834 2383; x_wconf 90' lang='lat' dir='ltr'><strong>De</strong></span> <span class='ocrx_word' id='word_1_161' title='bbox 845 2336 991 2397; x_wconf 82' lang='lat' dir='ltr'><strong>sequentibus</strong></span> <span class='ocrx_word' id='word_1_162' title='bbox 1001 2341 1041 2389; x_wconf 69' lang='grc' dir='ltr'><strong>[ε-</strong></span> 
     </span>
     <span class='ocr_line' id='line_1_25' title="bbox 203 2399 1042 2461; baseline 0.013 -18"><span class='ocrx_word' id='word_1_163' title='bbox 203 2414 271 2458; x_wconf 88' lang='lat' dir='ltr'><strong>quam</strong></span> <span class='ocrx_word' id='word_1_164' title='bbox 290 2414 314 2445; x_wconf 87' lang='lat' dir='ltr'><strong>x.</strong></span> <span class='ocrx_word' id='word_1_165' title='bbox 334 2404 355 2445; x_wconf 72' lang='grc' dir='ltr'><strong>δι</strong></span> <span class='ocrx_word' id='word_1_166' title='bbox 371 2413 407 2445; x_wconf 86' lang='lat' dir='ltr'><strong>xr.</strong></span> <span class='ocrx_word' id='word_1_167' title='bbox 426 2411 452 2445; x_wconf 88' lang='lat' dir='ltr'><strong>ut</strong></span> <span class='ocrx_word' id='word_1_168' title='bbox 469 2399 569 2444; x_wconf 81' lang='lat' dir='ltr'><strong>fatentur</strong></span> <span class='ocrx_word' id='word_1_169' title='bbox 589 2402 604 2446; x_wconf 87' lang='lat' dir='ltr'><strong>ii</strong></span> <span class='ocrx_word' id='word_1_170' title='bbox 637 2401 694 2446; x_wconf 80' lang='lat' dir='ltr'><strong>tulis</strong></span> <span class='ocrx_word' id='word_1_171' title='bbox 713 2400 826 2461; x_wconf 78' lang='lat' dir='ltr'><strong>usquead</strong></span> <span class='ocrx_word' id='word_1_172' title='bbox 846 2403 916 2450; x_wconf 76' lang='lat' dir='ltr'><strong>xvi.</strong></span> <span class='ocrx_word' id='word_1_173' title='bbox 941 2420 977 2450; x_wconf 86' lang='lat' dir='ltr'><strong>res</strong></span> <span class='ocrx_word' id='word_1_174' title='bbox 997 2422 1042 2455; x_wconf 76' lang='lat' dir='ltr'><strong>nors</strong></span> 
     </span>
     <span class='ocr_line' id='line_1_26' title="bbox 202 2463 1041 2532; baseline 0.012 -25"><span class='ocrx_word' id='word_1_175' title='bbox 202 2465 241 2522; x_wconf 85' lang='lat' dir='ltr'><strong>qui</strong></span> <span class='ocrx_word' id='word_1_176' title='bbox 269 2464 381 2509; x_wconf 82' lang='lat' dir='ltr'><strong>Romanae</strong></span> <span class='ocrx_word' id='word_1_177' title='bbox 405 2464 455 2509; x_wconf 87' lang='lat' dir='ltr'><strong>Sedi</strong></span> <span class='ocrx_word' id='word_1_178' title='bbox 478 2463 603 2523; x_wconf 68' lang='lat' dir='ltr'><strong>adherent,</strong></span> <span class='ocrx_word' id='word_1_179' title='bbox 636 2465 712 2510; x_wconf 80' lang='lat' dir='ltr'><strong>minus</strong></span> <span class='ocrx_word' id='word_1_180' title='bbox 724 2475 785 2510; x_wconf 80' lang='lat' dir='ltr'><strong>terta</strong></span> <span class='ocrx_word' id='word_1_181' title='bbox 796 2466 836 2523; x_wconf 87' lang='lat' dir='ltr'><strong>est,</strong></span> <span class='ocrx_word' id='word_1_182' title='bbox 853 2481 895 2512; x_wconf 83' lang='lat' dir='ltr'><strong>nec</strong></span> <span class='ocrx_word' id='word_1_183' title='bbox 908 2469 936 2513; x_wconf 88' lang='lat' dir='ltr'><strong>de</strong></span> <span class='ocrx_word' id='word_1_184' title='bbox 947 2469 1041 2532; x_wconf 84' lang='lat' dir='ltr'><strong>sequeu-</strong></span> 
     </span>
     <span class='ocr_line' id='line_1_27' title="bbox 202 2526 933 2590; baseline 0.008 -19"><span class='ocrx_word' id='word_1_185' title='bbox 202 2540 249 2572; x_wconf 89' lang='lat' dir='ltr'><strong>non</strong></span> <span class='ocrx_word' id='word_1_186' title='bbox 260 2526 335 2571; x_wconf 77' lang='lat' dir='ltr'><strong>mim-rs</strong></span> <span class='ocrx_word' id='word_1_187' title='bbox 348 2543 372 2572; x_wconf 83' lang='lat' dir='ltr'><strong>sc</strong></span> <span class='ocrx_word' id='word_1_188' title='bbox 384 2529 421 2586; x_wconf 89' lang='lat' dir='ltr'><strong>qui</strong></span> <span class='ocrx_word' id='word_1_189' title='bbox 432 2529 459 2573; x_wconf 88' lang='lat' dir='ltr'><strong>ab</strong></span> <span class='ocrx_word' id='word_1_190' title='bbox 469 2543 494 2572; x_wconf 85' lang='lat' dir='ltr'><strong>ea</strong></span> <span class='ocrx_word' id='word_1_191' title='bbox 502 2527 603 2572; x_wconf 83' lang='lat' dir='ltr'><strong>seceslio-</strong></span> <span class='ocrx_word' id='word_1_192' title='bbox 637 2529 697 2574; x_wconf 86' lang='lat' dir='ltr'><strong>tibus</strong></span> <span class='ocrx_word' id='word_1_193' title='bbox 709 2528 825 2590; x_wconf 88' lang='lat' dir='ltr'><strong>quisquam</strong></span> <span class='ocrx_word' id='word_1_194' title='bbox 835 2531 933 2581; x_wconf 79' lang='lat' dir='ltr'><strong>dubitat.</strong></span> 
     </span>
     <span class='ocr_line' id='line_1_28' title="bbox 202 2591 1040 2659; baseline 0.013 -24"><span class='ocrx_word' id='word_1_195' title='bbox 202 2605 254 2636; x_wconf 89' lang='lat' dir='ltr'><strong>nem</strong></span> <span class='ocrx_word' id='word_1_196' title='bbox 264 2591 374 2642; x_wconf 82' lang='lat' dir='ltr'><strong>fecerunt.</strong></span> <span class='ocrx_word' id='word_1_197' title='bbox 393 2592 530 2640; x_wconf 78' lang='lat' dir='ltr'><strong>Attamenss</strong></span> <span class='ocrx_word' id='word_1_198' title='bbox 544 2593 603 2651; x_wconf 83' lang='lat' dir='ltr'><strong>quis,</strong></span> <span class='ocrx_word' id='word_1_199' title='bbox 670 2609 682 2645; x_wconf 83' lang='lat'>1</span> <span class='ocrx_word' id='word_1_200' title='bbox 705 2595 779 2639; x_wconf 83' lang='lat' dir='ltr'><strong>Porrae</strong></span> <span class='ocrx_word' id='word_1_201' title='bbox 793 2593 894 2656; x_wconf 62' lang='lat' dir='ltr'><strong>sepulcri,</strong></span> <span class='ocrx_word' id='word_1_202' title='bbox 918 2594 980 2659; x_wconf 62' lang='grc' dir='ltr'><strong>δια]</strong></span> <span class='ocrx_word' id='word_1_203' title='bbox 1004 2599 1040 2646; x_wconf 76' lang='lat' dir='ltr'><strong>ste</strong></span> 
     </span>
     <span class='ocr_line' id='line_1_29' title="bbox 197 2654 1059 2722; baseline 0.014 -24"><span class='ocrx_word' id='word_1_204' title='bbox 197 2654 274 2700; x_wconf 81' lang='lat' dir='ltr'><strong>&#39;animi</strong></span> <span class='ocrx_word' id='word_1_205' title='bbox 296 2655 375 2713; x_wconf 66' lang='lat' dir='ltr'><strong>gratis,</strong></span> <span class='ocrx_word' id='word_1_206' title='bbox 399 2654 460 2714; x_wconf 84' lang='lat' dir='ltr'><strong>legat</strong></span> <span class='ocrx_word' id='word_1_207' title='bbox 479 2654 603 2702; x_wconf 73' lang='lat' dir='ltr'><strong>in‘Bibiio-</strong></span> <span class='ocrx_word' id='word_1_208' title='bbox 636 2658 916 2719; x_wconf 65' lang='lat' dir='ltr'><strong>explicamusodtireqllu,</strong></span> <span class='ocrx_word' id='word_1_209' title='bbox 933 2662 1059 2722; x_wconf 70' lang='lat' dir='ltr'><strong>quiante¹</strong></span> 
     </span>
     <span class='ocr_line' id='line_1_30' title="bbox 200 2717 1039 2786; baseline 0.01 -24"><span class='ocrx_word' id='word_1_210' title='bbox 200 2717 260 2764; x_wconf 78' lang='lat' dir='ltr'><strong>theca</strong></span> <span class='ocrx_word' id='word_1_211' title='bbox 272 2720 363 2766; x_wconf 76' lang='lat' dir='ltr'><strong>Parrum</strong></span> <span class='ocrx_word' id='word_1_212' title='bbox 374 2721 461 2781; x_wconf 85' lang='lat' dir='ltr'><strong>Scripta</strong></span> <span class='ocrx_word' id='word_1_213' title='bbox 470 2736 548 2766; x_wconf 88' lang='lat' dir='ltr'><strong>eorum</strong></span> <span class='ocrx_word' id='word_1_214' title='bbox 561 2720 603 2766; x_wconf 82' lang='lat' dir='ltr'><strong>sae·</strong></span> <span class='ocrx_word' id='word_1_215' title='bbox 636 2736 662 2766; x_wconf 84' lang='lat' dir='ltr'><strong>ea</strong></span> <span class='ocrx_word' id='word_1_216' title='bbox 686 2737 740 2781; x_wconf 77' lang='lat' dir='ltr'><strong>vox,</strong></span> <span class='ocrx_word' id='word_1_217' title='bbox 766 2739 806 2769; x_wconf 88' lang='lat' dir='ltr'><strong>nec</strong></span> <span class='ocrx_word' id='word_1_218' title='bbox 823 2721 939 2770; x_wconf 80' lang='lat' dir='ltr'><strong>Hebra‘r‘ca</strong></span> <span class='ocrx_word' id='word_1_219' title='bbox 982 2730 1039 2786; x_wconf 67' lang='grc' dir='ltr'><strong>Νω</strong></span> 
     </span>
     <span class='ocr_line' id='line_1_31' title="bbox 198 2781 1039 2850; baseline 0.011 -24"><span class='ocrx_word' id='word_1_220' title='bbox 198 2781 315 2842; x_wconf 74' lang='lat' dir='ltr'><strong>culorum,</strong></span> <span class='ocrx_word' id='word_1_221' title='bbox 333 2781 398 2829; x_wconf 84' lang='lat' dir='ltr'><strong>facile</strong></span> <span class='ocrx_word' id='word_1_222' title='bbox 416 2784 479 2830; x_wconf 88' lang='lat' dir='ltr'><strong>illinc</strong></span> <span class='ocrx_word' id='word_1_223' title='bbox 499 2785 604 2844; x_wconf 84' lang='lat' dir='ltr'><strong>colligere</strong></span> <span class='ocrx_word' id='word_1_224' title='bbox 636 2785 717 2844; x_wconf 80' lang='lat' dir='ltr'><strong>Scbcol,</strong></span> <span class='ocrx_word' id='word_1_225' title='bbox 741 2789 776 2832; x_wconf 83' lang='lat' dir='ltr'><strong>cui</strong></span> <span class='ocrx_word' id='word_1_226' title='bbox 794 2785 920 2847; x_wconf 84' lang='lat' dir='ltr'><strong>respondet,</strong></span> <span class='ocrx_word' id='word_1_227' title='bbox 945 2789 1039 2850; x_wconf 81' lang='lat' dir='ltr'><strong>usquam</strong></span> 
     </span>
     <span class='ocr_line' id='line_1_32' title="bbox 200 2846 1040 2910; baseline 0.012 -20"><span class='ocrx_word' id='word_1_228' title='bbox 200 2846 307 2904; x_wconf 81' lang='lat' dir='ltr'><strong>dogmata</strong></span> <span class='ocrx_word' id='word_1_229' title='bbox 318 2848 393 2892; x_wconf 86' lang='lat' dir='ltr'><strong>omnia</strong></span> <span class='ocrx_word' id='word_1_230' title='bbox 403 2864 454 2908; x_wconf 80' lang='lat' dir='ltr'><strong>quae</strong></span> <span class='ocrx_word' id='word_1_231' title='bbox 465 2849 604 2895; x_wconf 83' lang='lat' dir='ltr'><strong>memoravi·</strong></span> <span class='ocrx_word' id='word_1_232' title='bbox 637 2849 660 2894; x_wconf 89' lang='lat' dir='ltr'><strong>in</strong></span> <span class='ocrx_word' id='word_1_233' title='bbox 672 2851 743 2896; x_wconf 87' lang='lat' dir='ltr'><strong>Sacris</strong></span> <span class='ocrx_word' id='word_1_234' title='bbox 753 2851 825 2897; x_wconf 82' lang='lat' dir='ltr'><strong>Libris</strong></span> <span class='ocrx_word' id='word_1_235' title='bbox 841 2851 951 2910; x_wconf 78' lang='lat' dir='ltr'><strong>siguificat</strong></span> <span class='ocrx_word' id='word_1_236' title='bbox 966 2856 1040 2900; x_wconf 82' lang='lat' dir='ltr'><strong>Caco·</strong></span> 
     </span>
     <span class='ocr_line' id='line_1_33' title="bbox 200 2909 1039 2978; baseline 0.012 -24"><span class='ocrx_word' id='word_1_237' title='bbox 200 2909 285 2974; x_wconf 76' lang='lat' dir='ltr'><strong>tnus§</strong></span> <span class='ocrx_word' id='word_1_238' title='bbox 297 2911 341 2956; x_wconf 91' lang='lat' dir='ltr'><strong>IV.</strong></span> <span class='ocrx_word' id='word_1_239' title='bbox 353 2913 443 2969; x_wconf 87' lang='lat' dir='ltr'><strong>poterit.</strong></span> <span class='ocrx_word' id='word_1_240' title='bbox 461 2913 527 2957; x_wconf 84' lang='lat' dir='ltr'><strong>Vixit</strong></span> <span class='ocrx_word' id='word_1_241' title='bbox 535 2914 605 2959; x_wconf 85' lang='lat' dir='ltr'><strong>etlam</strong></span> <span class='ocrx_word' id='word_1_242' title='bbox 636 2915 781 2976; x_wconf 68' lang='lat' dir='ltr'><strong>demonem,</strong></span> <span class='ocrx_word' id='word_1_243' title='bbox 799 2913 834 2960; x_wconf 88' lang='lat' dir='ltr'><strong>sed</strong></span> <span class='ocrx_word' id='word_1_244' title='bbox 854 2926 946 2962; x_wconf 86' lang='lat' dir='ltr'><strong>tantum</strong></span> <span class='ocrx_word' id='word_1_245' title='bbox 965 2917 1039 2978; x_wconf 78' lang='lat' dir='ltr'><strong>sepul-</strong></span> 
     </span>
     <span class='ocr_line' id='line_1_34' title="bbox 200 2972 1039 3042; baseline 0.013 -25"><span class='ocrx_word' id='word_1_246' title='bbox 200 2972 266 3018; x_wconf 87' lang='lat' dir='ltr'><strong>initio</strong></span> <span class='ocrx_word' id='word_1_247' title='bbox 294 2972 368 3020; x_wconf 84' lang='lat' dir='ltr'><strong>saeculi</strong></span> <span class='ocrx_word' id='word_1_248' title='bbox 392 2975 449 3022; x_wconf 77' lang='lat' dir='ltr'><strong>XII.</strong></span> <span class='ocrx_word' id='word_1_249' title='bbox 482 2977 605 3022; x_wconf 73' lang='lat' dir='ltr'><strong>Bernardur</strong></span> <span class='ocrx_word' id='word_1_250' title='bbox 637 2992 711 3035; x_wconf 84' lang='lat' dir='ltr'><strong>crum,</strong></span> <span class='ocrx_word' id='word_1_251' title='bbox 729 2991 769 3025; x_wconf 89' lang='lat' dir='ltr'><strong>aut</strong></span> <span class='ocrx_word' id='word_1_252' title='bbox 785 2980 868 3025; x_wconf 82' lang='lat' dir='ltr'><strong>statum</strong></span> <span class='ocrx_word' id='word_1_253' title='bbox 883 2992 1039 3042; x_wconf 83' lang='lat' dir='ltr'><strong>mortuorum,</strong></span> 
     </span>
     <span class='ocr_line' id='line_1_35' title="bbox 199 3036 1038 3100; baseline 0.013 -16"><span class='ocrx_word' id='word_1_254' title='bbox 199 3036 331 3084; x_wconf 81' lang='lat' dir='ltr'><strong>Monasterii</strong></span> <span class='ocrx_word' id='word_1_255' title='bbox 343 3036 418 3083; x_wconf 82' lang='lat' dir='ltr'><strong>Clarae</strong></span> <span class='ocrx_word' id='word_1_256' title='bbox 426 3037 502 3085; x_wconf 84' lang='lat' dir='ltr'><strong>Vallis</strong></span> <span class='ocrx_word' id='word_1_257' title='bbox 515 3041 603 3098; x_wconf 85' lang='lat' dir='ltr'><strong>Abbas,</strong></span> <span class='ocrx_word' id='word_1_258' title='bbox 636 3045 694 3100; x_wconf 87' lang='lat' dir='ltr'><strong>quod</strong></span> <span class='ocrx_word' id='word_1_259' title='bbox 704 3045 790 3090; x_wconf 81' lang='lat' dir='ltr'><strong>Grotius</strong></span> <span class='ocrx_word' id='word_1_260' title='bbox 802 3048 823 3089; x_wconf 74' lang='grc' dir='ltr'><strong>δε</strong></span> <span class='ocrx_word' id='word_1_261' title='bbox 836 3044 873 3089; x_wconf 84' lang='lat' dir='ltr'><strong>alii</strong></span> <span class='ocrx_word' id='word_1_262' title='bbox 883 3043 1038 3095; x_wconf 81' lang='lat' dir='ltr'><strong>observarunt.</strong></span> 
     </span>
     <span class='ocr_line' id='line_1_36' title="bbox 199 3101 1039 3165; baseline 0.013 -20"><span class='ocrx_word' id='word_1_263' title='bbox 199 3101 264 3161; x_wconf 83' lang='lat' dir='ltr'><strong>cujus</strong></span> <span class='ocrx_word' id='word_1_264' title='bbox 274 3102 399 3147; x_wconf 82' lang='lat' dir='ltr'><strong>etiamnum</strong></span> <span class='ocrx_word' id='word_1_265' title='bbox 410 3103 514 3159; x_wconf 86' lang='lat' dir='ltr'><strong>eruditio,</strong></span> <span class='ocrx_word' id='word_1_266' title='bbox 533 3105 603 3163; x_wconf 83' lang='lat' dir='ltr'><strong>pietas</strong></span> <span class='ocrx_word' id='word_1_267' title='bbox 635 3107 714 3165; x_wconf 86' lang='lat' dir='ltr'><strong>ltaque</strong></span> <span class='ocrx_word' id='word_1_268' title='bbox 725 3123 752 3152; x_wconf 81' lang='lat' dir='ltr'><strong>ex</strong></span> <span class='ocrx_word' id='word_1_269' title='bbox 769 3107 813 3154; x_wconf 89' lang='lat' dir='ltr'><strong>hoc</strong></span> <span class='ocrx_word' id='word_1_270' title='bbox 832 3106 893 3164; x_wconf 86' lang='lat' dir='ltr'><strong>loco,</strong></span> <span class='ocrx_word' id='word_1_271' title='bbox 909 3107 953 3154; x_wconf 89' lang='lat' dir='ltr'><strong>hoc</strong></span> <span class='ocrx_word' id='word_1_272' title='bbox 966 3126 1039 3157; x_wconf 89' lang='lat' dir='ltr'><strong>unum</strong></span> 
     </span>
     <span class='ocr_line' id='line_1_37' title="bbox 199 3163 1039 3233; baseline 0.013 -24"><span class='ocrx_word' id='word_1_273' title='bbox 199 3168 222 3209; x_wconf 71' lang='lat' dir='ltr'><strong>dr</strong></span> <span class='ocrx_word' id='word_1_274' title='bbox 233 3165 356 3211; x_wconf 74' lang='lat' dir='ltr'><strong>constantia</strong></span> <span class='ocrx_word' id='word_1_275' title='bbox 366 3163 377 3212; x_wconf 74' lang='lat' dir='ltr'><strong>i</strong></span> <span class='ocrx_word' id='word_1_276' title='bbox 387 3165 495 3225; x_wconf 85' lang='lat' dir='ltr'><strong>plerisque</strong></span> <span class='ocrx_word' id='word_1_277' title='bbox 508 3167 602 3214; x_wconf 76' lang='lat' dir='ltr'><strong>laudan·</strong></span> <span class='ocrx_word' id='word_1_278' title='bbox 635 3170 711 3228; x_wconf 79' lang='lat' dir='ltr'><strong>colligi</strong></span> <span class='ocrx_word' id='word_1_279' title='bbox 724 3173 803 3231; x_wconf 84' lang='lat' dir='ltr'><strong>potest,</strong></span> <span class='ocrx_word' id='word_1_280' title='bbox 820 3187 946 3233; x_wconf 83' lang='lat' dir='ltr'><strong>numquam</strong></span> <span class='ocrx_word' id='word_1_281' title='bbox 956 3173 1039 3221; x_wconf 81' lang='lat' dir='ltr'><strong>forent</strong></span> 
     </span>
     <span class='ocr_line' id='line_1_38' title="bbox 192 3228 1038 3292; baseline 0.013 -19"><span class='ocrx_word' id='word_1_282' title='bbox 192 3236 247 3285; x_wconf 78' lang='lat' dir='ltr'><strong>tur,</strong></span> <span class='ocrx_word' id='word_1_283' title='bbox 264 3233 287 3277; x_wconf 76' lang='lat' dir='ltr'><strong>de</strong></span> <span class='ocrx_word' id='word_1_284' title='bbox 299 3231 363 3290; x_wconf 85' lang='lat' dir='ltr'><strong>cujus</strong></span> <span class='ocrx_word' id='word_1_285' title='bbox 375 3230 462 3289; x_wconf 86' lang='lat' dir='ltr'><strong>Scripta</strong></span> <span class='ocrx_word' id='word_1_286' title='bbox 478 3228 490 3276; x_wconf 76' lang='lat' dir='ltr'><strong>i</strong></span> <span class='ocrx_word' id='word_1_287' title='bbox 506 3230 600 3292; x_wconf 86' lang='lat' dir='ltr'><strong>sequen·</strong></span> <span class='ocrx_word' id='word_1_288' title='bbox 634 3234 722 3292; x_wconf 86' lang='lat' dir='ltr'><strong>prorsus</strong></span> <span class='ocrx_word' id='word_1_289' title='bbox 739 3236 835 3282; x_wconf 82' lang='lat' dir='ltr'><strong>intereat</strong></span> <span class='ocrx_word' id='word_1_290' title='bbox 854 3236 952 3282; x_wconf 79' lang='lat' dir='ltr'><strong>Ecclesia</strong></span> <span class='ocrx_word' id='word_1_291' title='bbox 968 3238 1038 3284; x_wconf 88' lang='lat' dir='ltr'><strong>Chri-</strong></span> 
     </span>
     <span class='ocr_line' id='line_1_39' title="bbox 198 3291 1039 3363; baseline 0.013 -26"><span class='ocrx_word' id='word_1_292' title='bbox 198 3291 259 3341; x_wconf 82' lang='lat' dir='ltr'><strong>tibus</strong></span> <span class='ocrx_word' id='word_1_293' title='bbox 279 3293 384 3339; x_wconf 80' lang='lat' dir='ltr'><strong>aetatibus</strong></span> <span class='ocrx_word' id='word_1_294' title='bbox 406 3293 508 3340; x_wconf 76' lang='lat' dir='ltr'><strong>leslitata</strong></span> <span class='ocrx_word' id='word_1_295' title='bbox 530 3313 600 3343; x_wconf 88' lang='lat' dir='ltr'><strong>num·</strong></span> <span class='ocrx_word' id='word_1_296' title='bbox 633 3299 718 3359; x_wconf 76' lang='lat' dir='ltr'><strong>stiana3</strong></span> <span class='ocrx_word' id='word_1_297' title='bbox 744 3299 781 3345; x_wconf 83' lang='lat' dir='ltr'><strong>seu</strong></span> <span class='ocrx_word' id='word_1_298' title='bbox 801 3312 828 3346; x_wconf 92' lang='lat' dir='ltr'><strong>ut</strong></span> <span class='ocrx_word' id='word_1_299' title='bbox 845 3300 922 3345; x_wconf 86' lang='lat' dir='ltr'><strong>nullus</strong></span> <span class='ocrx_word' id='word_1_300' title='bbox 945 3301 1039 3363; x_wconf 79' lang='lat' dir='ltr'><strong>supersit</strong></span> 
     </span>
    </p>
   </div>
   <div class='ocr_carea' id='block_1_5' title="bbox 133 3355 1046 3664">
    <p class='ocr_par' dir='ltr' id='par_1_5' title="bbox 133 3355 1046 3664">
     <span class='ocr_line' id='line_1_40' title="bbox 213 3355 1039 3424; baseline 0.013 -22"><span class='ocrx_word' id='word_1_301' title='bbox 213 3370 267 3403; x_wconf 81' lang='lat' dir='ltr'><strong>uem</strong></span> <span class='ocrx_word' id='word_1_302' title='bbox 277 3358 383 3403; x_wconf 80' lang='lat' dir='ltr'><strong>damnata</strong></span> <span class='ocrx_word' id='word_1_303' title='bbox 395 3355 454 3407; x_wconf 86' lang='lat' dir='ltr'><strong>sunt.</strong></span> <span class='ocrx_word' id='word_1_304' title='bbox 478 3359 545 3406; x_wconf 85' lang='lat' dir='ltr'><strong>Illinc</strong></span> <span class='ocrx_word' id='word_1_305' title='bbox 557 3378 599 3406; x_wconf 82' lang='lat' dir='ltr'><strong>au·</strong></span> <span class='ocrx_word' id='word_1_306' title='bbox 633 3373 712 3418; x_wconf 83' lang='lat' dir='ltr'><strong>cretus,</strong></span> <span class='ocrx_word' id='word_1_307' title='bbox 731 3366 789 3424; x_wconf 83' lang='lat' dir='ltr'><strong>apud</strong></span> <span class='ocrx_word' id='word_1_308' title='bbox 801 3380 867 3424; x_wconf 88' lang='lat' dir='ltr'><strong>quern</strong></span> <span class='ocrx_word' id='word_1_309' title='bbox 878 3365 968 3411; x_wconf 87' lang='lat' dir='ltr'><strong>summa</strong></span> <span class='ocrx_word' id='word_1_310' title='bbox 984 3368 1039 3412; x_wconf 84' lang='lat' dir='ltr'><strong>dot-</strong></span> 
     </span>
     <span class='ocr_line' id='line_1_41' title="bbox 133 3369 1038 3664; baseline 0.008 -193"><span class='ocrx_word' id='word_1_311' title='bbox 133 3369 373 3664; x_wconf 41' lang='lat' dir='ltr'><strong>«All-e</strong></span> <span class='ocrx_word' id='word_1_312' title='bbox 391 3423 462 3473; x_wconf 78' lang='lat' dir='ltr'><strong>etiam</strong></span> <span class='ocrx_word' id='word_1_313' title='bbox 483 3423 599 3488; x_wconf 74' lang='lat' dir='ltr'><strong>integrum</strong></span> <span class='ocrx_word' id='word_1_314' title='bbox 633 3428 699 3477; x_wconf 71' lang='lat' dir='ltr'><strong>trine</strong></span> <span class='ocrx_word' id='word_1_315' title='bbox 706 3429 850 3491; x_wconf 75' lang='lat' dir='ltr'><strong>Euangencae</strong></span> <span class='ocrx_word' id='word_1_316' title='bbox 858 3443 1038 3504; x_wconf 66' lang='lat' dir='ltr'><strong>nonremaneat.</strong></span> 
     </span>
     <span class='ocr_line' id='line_1_42' title="bbox 927 3515 1046 3573; baseline 0 -17"><span class='ocrx_word' id='word_1_317' title='bbox 927 3515 1046 3573; x_wconf 78' lang='lat' dir='ltr'><strong>omnis,</strong></span> 
     </span>
    </p>
   </div>
   <div class='ocr_carea' id='block_1_6' title="bbox 0 0 1168 4050">
    <p class='ocr_par' dir='ltr' id='par_1_6' title="bbox 0 0 1168 4050">
     <span class='ocr_line' id='line_1_43' title="bbox 0 0 1168 4050; baseline 0 5"><span class='ocrx_word' id='word_1_318' title='bbox 0 0 1168 4050; x_wconf 95' lang='lat' dir='ltr'><strong> </strong></span> 
     </span>
    </p>
   </div>
  </div>
 </body>
</html>
