2325 4050
200 266 259 328 116
332 259 619 328 H.Gnor1us
646 257 893 325 ntVuur'r.

194 384 293 461 cultu,
314 384 396 466 quod
411 384 505 467 &qui
520 381 626 446 Deum
646 405 742 446 unum
757 384 966 460 crediderunt,
986 398 1026 447 ta-

195 491 266 530 men
281 469 334 532 illo
348 467 482 550 seposito,
505 468 582 543 aliis,
605 468 767 550 &quidem
778 490 857 549 quos
869 468 961 531 Deos
973 491 1027 532 non
1071 528 1078 551 ὲ

194 554 360 628 crederent,
383 553 500 614 cultum
511 553 726 629 exhibuerunt,
749 553 946 636 ³Religionis
963 576 1028 616 nor-

194 660 277 700 mam
296 637 457 699 statuentes
477 640 506 700 id
526 638 609 721 quod
630 653 785 719 receptum
808 637 880 700 esset
901 638 1028 719 publice.
1075 662 1078 718 ξ

195 720 246 785 De
275 723 398 802 praemio
426 745 549 805 quoque
578 724 697 802 pietatis
722 721 797 784 nihil
821 723 1029 784 adseverabant

193 808 279 880 certi,
301 807 408 887 *quod
427 806 474 868 vel
495 829 534 868 ex
553 807 661 869 ultima
683 807 734 868 illa
749 807 881 868 Socratis
896 809 1029 870 morituri

193 891 389 970 disputatione
418 907 549 974 apparet.
595 890 806 967 Mahumetes,
841 890 904 953 late
932 893 1029 973 sparsae

194 973 363 1057 Religionis
389 976 504 1053 aucior,
540 977 713 1060 ⁵projedius
737 977 775 1037 ad
799 976 958 1039 libidinem
984 998 1030 1058 per
1067 970 1070 977 ’

193 1079 316 1120 ornnem
335 1061 430 1122 vitam
451 1083 490 1122 ne
512 1061 529 1123 a
552 1061 608 1122 suis
623 1061 744 1143 quidem
758 1058 898 1145 negatur.
945 1060 1031 1126 Tuht

193 1162 266 1204 vero
295 1143 412 1206 nullam
440 1144 531 1207 fidem
560 1144 653 1221 dedit,
689 1167 749 1228 qua
773 1145 910 1208 constare
937 1148 1030 1227 pofl'rt,

195 1228 276 1309 quod
292 1229 350 1310 ipse
365 1228 498 1310 promisit
512 1231 681 1311 praemium,
704 1232 736 1292 in
749 1229 845 1312 epulis
867 1229 898 1293 δι
913 1228 1032 1294 Venere

195 1311 337 1395 positum,
358 1314 388 1376 id
410 1336 478 1377 vere
499 1314 676 1377 exstiturum
683 1340 693 1388 3
716 1337 788 1376 curn
812 1313 901 1396 ipsius
924 1336 1032 1398 corpus

195 1400 227 1460 in
247 1400 341 1462 vitam
360 1398 471 1461 rediisse
485 1421 524 1463 ne
537 1401 655 1461 dicatur
667 1399 802 1481 quidem,
825 1401 889 1461 imo
903 1400 937 1461 in
951 1402 1032 1463 hunc
1076 1444 1078 1461 .

195 1483 275 1545 diem
287 1481 423 1545 Medinae
438 1483 525 1547 situm
539 1482 584 1546 stt.
629 1484 674 1546 At
686 1483 823 1546 Hebraeae
836 1482 914 1567 legis
926 1485 1031 1547 con'd't-

196 1583 245 1629 tor
253 1567 369 1643 Moses,
391 1569 436 1630 vir
447 1569 587 1644 eximius,
610 1591 672 1631 non
684 1584 786 1630 tamen
798 1568 835 1629 ab
846 1571 933 1632 omni
945 1568 1034 1651 eulpa

195 1650 350 1727 liberatur,
373 1650 469 1715 ⁶cum
485 1654 513 1716 δι
528 1652 713 1737 legationem
728 1653 766 1714 ad
781 1652 903 1737 Regem
911 1651 1032 1740 AEgyp·

195 1735 273 1797 tium
288 1733 305 1795 ὲ
319 1735 391 1799 Deo
406 1736 457 1799 sibi
472 1736 645 1800 mandatam
665 1737 763 1800 multo
783 1759 855 1799 cum
869 1738 969 1801 renisu
984 1737 1033 1801 vix

195 1818 363 1900 susceperit,
386 1821 437 1884 ⁷&
450 1822 487 1883 ad
510 1821 680 1904 pollicitum
695 1821 757 1886 Dei
778 1821 815 1883 de
835 1843 916 1904 aqua
930 1819 949 1884 ὲ
961 1843 1035 1905 rupe

135 1902 138 1907 ’
196 1904 355 1967 excitanda
369 1905 540 1969 diffidentie
562 1906 701 1969 nonnihil
724 1905 894 1983 ostenderit,
918 1921 954 1970 ut
969 1906 1034 1970 Hes

195 1987 268 2053 braei
287 1989 428 2055 fatentur.
473 1989 590 2056 Eorum
604 2012 688 2070 vero,
711 1990 847 2078 quaejper
860 1989 965 2079 legem
977 1991 1034 2058 suit

231 2174 243 2220 3
261 2157 377 2221 Rdigr'onr's
396 2173 486 2206 norum
500 2157 598 2221 statuen-
630 2172 700 2206 nemi
718 2157 778 2220 quod
795 2155 833 2203 vel
849 2171 922 2204 uuum
940 2153 1033 2226 spfficit,

196 2231 226 2267 tes
234 2222 258 2267 id
267 2223 323 2286 quod
331 2240 364 2269 rec
389 2235 431 2269 rum
441 2218 597 2286 effupubttce]
630 2236 659 2268 ne
681 2221 730 2283 quit
754 2219 811 2267 talea
832 2218 872 2267 fibi
894 2235 935 2282 per
958 2222 1034 2268 omnia
1065 2222 1071 2232 ’

197 2284 345 2345 Xenophon¹
385 2286 542 2333 emortbilium
573 2300 597 2333 v.
632 2283 752 2346 sequendos
764 2293 838 2344 putet.
871 2285 946 2331 Notat
955 2283 1001 2331 hoe
1012 2285 1036 2331 iu

197 2349 315 2394 oraculum
328 2350 417 2404 recitat,
435 2365 479 2408 quo
490 2349 600 2411 jubentur
625 2348 727 2396 Platone
743 2349 843 2413 Justinur
865 2358 963 2411 martyr,
991 2350 1035 2396 Pa·

197 2410 236 2456 Dii
247 2412 291 2456 coli
302 2426 328 2456 ex
342 2412 390 2470 lege
401 2412 507 2474 cujusque
519 2413 600 2459 civita·
633 2412 710 2461 raenest
722 2415 749 2459 ad
762 2413 866 2461 Graeeot.

198 2474 235 2520 tis.
270 2476 357 2536 Repete
369 2476 407 2522 hic
419 2477 509 2523 Senecae
524 2477 601 2534 verba,
626 2515 630 2523 .
664 2475 763 2541 4Qod
772 2476 811 2523 vd
822 2492 848 2522 ex
859 2474 935 2523 ultim
945 2474 986 2522 ille
997 2477 1035 2522 So·

197 2554 249 2599 quae
260 2555 287 2585 ex
299 2540 426 2599 Augustino
443 2539 507 2602 supra
518 2541 600 2587 citavi-
632 2542 697 2589 cratis
709 2542 805 2588 morituri
813 2538 956 2603 'disputatione
965 2549 1034 2602 appa·

198 2618 264 2649 mus:
283 2605 330 2663 post
342 2621 392 2664 qua·
406 2605 434 2650 tic
444 2606 599 2663 Augustinus:
633 2602 686 2666 ren]
705 2606 765 2650 Vide
773 2620 824 2664 quae
832 2602 953 2650 attulimus
962 2602 1035 2664 supra.

198 2667 282 2713 Celebat
310 2668 352 2713 uod
363 2686 376 2713 r
400 2668 532 2726 rehendebat,
548 2687 562 2715 a
578 2686 601 2713 e·
668 2684 680 2732 ς
702 2668 811 2730 Projeflus
827 2667 859 2713 ad
874 2666 982 2714 libidinem
997 2679 1037 2729 per

198 2727 236 2775 bar
248 2679 424 2793 quosarguesiat,
441 2686 603 2794 quodcuspalat
633 2748 708 2779 omnem
727 2734 799 2779 vitam
815 2747 840 2777 ne
859 2729 874 2777 d
890 2730 938 2794 fuis
954 2732 1037 2793 quidem

197 2792 310 2839 adorabar.
344 2795 470 2852 Nimirum,
492 2806 518 2840 ut
537 2794 602 2841 Plato
634 2795 745 2861 negem]
763 2796 823 2842 Vide
832 2810 882 2857 quae
894 2795 998 2846 dicentur
1008 2795 1038 2842 li-

198 2856 255 2900 dixit
278 2858 301 2901 in
320 2858 421 2914 Timaeo,
446 2864 468 2904 ει
491 2858 553 2915 alibi,
580 2864 603 2906 de
636 2861 726 2906 brovr.

199 2917 337 2978 Porphyrius
359 2919 410 2965 loco
432 2922 469 2980 qui
492 2924 523 2967 est
545 2925 604 2982 apud
670 2924 684 2970 6
702 2925 752 2972 Cum
770 2920 799 2972 ὅ
817 2922 835 2969 le
850 2922 936 2978 ationem
951 2920 1039 2972 adRe·

199 2981 323 3029 Eusebium
347 2987 470 3043 Praeparat.
495 2984 535 3033 lib.
562 3002 602 3034 tv,
631 3005 679 3050 gem
692 2987 904 3054 AEgyptiumaDeo
914 2982 960 3046 sthi
974 3001 1038 3030 man·

199 3062 249 3107 cap.
264 3048 287 3093 8.
307 3047 406 3107 periculo
418 3063 463 3093 non
474 3060 535 3094 earet
549 3064 604 3094 veta
634 3051 708 3097 datam
719 3054 781 3099 multo
796 3068 841 3098 cum
855 3045 980 3113 rrnr'suvr'ae
988 3046 1038 3111 sus·

200 3113 227 3156 de
250 3114 314 3158 rebus
336 3113 417 3161 divinis
441 3112 500 3171 apud
522 3112 603 3169 vulgus
634 3114 732 3179 ceperin]
750 3116 822 3163 Exodi
837 3129 874 3163 ιν.
893 3128 918 3171 a,
942 3126 980 3170 ιο,
1002 3128 1040 3175 ¹3¹

200 3174 311 3223 disserere.
345 3178 400 3239 Ejus
416 3186 493 3223 autem
511 3175 605 3236 periculi
641 3191 677 3239 14.
983 3222 986 3226 .

202 3250 291 3285 metum
300 3241 383 3287 Graeca
395 3241 507 3287 &Latina
519 3244 540 3286 δι
553 3239 604 3285 bar·
670 3256 684 3300 7
697 3242 727 3286 Et
739 3241 769 3287 ad
774 3244 890 3304 pollicitum
900 3239 943 3287 Dei
949 3237 974 3286 de
980 3255 1041 3302 aqua

202 3302 255 3346 bara
281 3302 422 3365 philosophia
446 3304 516 3366 pluris
538 3302 604 3363 fecit,
638 3302 834 3367 &rupeexcr'tarda
853 3304 1042 3369 dffdcntiaeron-

202 3381 271 3425 qeam
295 3369 341 3415 veri
362 3370 469 3417 sinceram
490 3367 604 3431 professio·
639 3367 1041 3435 nihilrstcnderir.]Numer.xx.12.

138 3447 228 3614 Ὗ
897 3428 1046 3513 promisit,
