2325 4050
151 297 221 363 272
263 277 296 360 J.
318 273 529 342 Otentcr
556 287 905 345 oretroenon

156 402 356 462 consentiant.
399 398 471 462 Nec
493 402 641 484 exiguum
667 399 709 462 est
732 424 844 463 uorum
870 401 1018 464 veritam

158 502 386 567 argumentum,
408 486 490 565 quod
505 485 523 545 ‘a
536 485 670 558 certandi
684 488 883 566 cupidiffimis
893 486 937 566 ἱδε
959 487 1012 547 ad-

157 568 286 631 fee'hbus
309 592 395 651 paene
417 572 576 631 occ'aecatis
598 572 754 631 communi
776 570 933 634 consensu
957 572 1012 633 ad-

159 655 329 716 mittantur.
373 653 482 715 Nolim
497 656 619 737 quidem
635 673 793 735 propterea
807 673 917 718 cetera
941 678 1011 717 orn-

160 739 223 813 uia,
245 740 282 800 de
301 740 411 820 quibus
433 756 576 816 certatur,
599 738 654 800 elle
677 740 768 801 dubia
789 757 844 801 aut
869 740 1014 817 obscura,

157 823 242 904 quod
263 825 300 884 de
323 824 358 884 iis
381 845 446 884 non
470 826 659 886 consentiant
678 824 854 886 Christiani.
904 824 1012 887 Facile

158 906 221 968 fieri
236 907 332 988 potest
346 925 380 968 ut
402 908 557 971 nonnullis
575 907 629 969 fiat
643 910 815 983 obscurum,
838 910 930 992 quod
944 910 1010 971 cla-

157 1014 228 1052 rum
255 991 337 1068 esset,
369 994 424 1054 nisi
448 993 567 1054 adfectu
592 994 836 1074 praepedirentur.
886 992 1011 1057 Verum

157 1078 209 1137 vix
236 1098 272 1138 ac
295 1100 332 1138 ne
356 1080 409 1138 rix
433 1078 556 1159 quidem
577 1076 641 1137 fieri
663 1095 766 1159 queat,
789 1094 825 1139 ut
848 1080 1009 1139 acerrimis

157 1162 339 1236 adversariis,
370 1164 399 1223 δε
421 1164 603 1243 disceptandi
623 1161 747 1222 libidine
766 1163 947 1225 ardentibus
972 1163 1010 1225 de

154 1267 191 1306 re
205 1246 331 1307 obscura
345 1250 517 1308 conveniat.
955 1313 959 1318 ,

201 1330 405 1393 Consentiunt
426 1355 499 1415 crgo
519 1332 651 1412 primum
665 1328 841 1407 Christiani,
863 1332 920 1414 qui
936 1332 1009 1414 qui·

157 1415 230 1478 dem
243 1418 332 1478 hodie
347 1419 464 1492 vivunt,
487 1418 524 1477 de
547 1438 675 1477 numero
698 1415 728 1476 δι
749 1417 878 1478 veritate
891 1415 1006 1479 Libro-

157 1524 228 1564 rum
242 1500 328 1564 Nori
343 1500 554 1574 Testamenti3
578 1499 660 1582 sique
681 1491 830 1562 nonnulla
853 1499 904 1577 fit,
926 1502 1009 1564 inter

158 1584 314 1662 Eruffltos,
337 1587 399 1648 ⁵‹le
418 1585 535 1668 aliquot
549 1584 691 1665 Epistolis
706 1584 904 1665 Apostolicis‚
926 1607 1007 1649 con-

160 1670 312 1746 troversia,
336 1693 372 1733 ea
386 1669 507 1734 nonest
528 1671 633 1753 magni
655 1671 816 1745 momenti,
837 1670 1006 1753 omnesque

156 1757 324 1840 agnoscunt
345 1753 498 1818 nihil-nist
520 1756 582 1817 veri
602 1755 638 1816 iis
653 1756 813 1831 contineri,
835 1777 896 1817 nec
910 1755 1005 1837 quid·

154 1861 251 1923 quam
271 1841 308 1902 iis
329 1841 465 1916 retentio,
487 1854 541 1901 aut
558 1839 688 1924 tejefilis,
709 1839 742 1902 in
755 1838 894 1904 domina
908 1840 1006 1904 Chri·

155 1926 251 1988 stiana
261 1926 383 1988 mutari.
427 1923 493 2007 Qui
508 1925 666 1988 consensus
680 1947 744 1988 non
757 1923 800 1986 est
813 1926 917 2009 'exigui
931 1948 1003 1989 mo·

155 2010 264 2087 menti,
295 2033 368 2073 cum
389 2011 440 2074 bic
465 2009 500 2073 stt
522 2011 631 2086 sermo,
661 2010 699 2072 de
723 2009 892 2074 indubitato
916 2011 1004 2074 sonte

157 2094 364 2158 Revelationis
376 2095 511 2171 Divinae,
535 2095 587 2158 sub
598 2095 693 2180 Novo
701 2094 841 2158 Foedere.
878 2095 1003 2160 Caetera

156 2201 229 2242 vero
252 2180 457 2243 Revelationis
482 2182 614 2262 antiquae
639 2181 763 2256 servata,
800 2195 835 2241 ut
859 2180 1004 2243 nonnulli

158 2280 277 2348 putant,
301 2281 500 2328 monumenta
522 2281 575 2329 aut
598 2264 733 2350 vestigia,
755 2267 787 2328 in
810 2265 936 2331 dubium
964 2267 1003 2328 ab

159 2352 225 2412 aliis
249 2366 440 2413 revocantur.

201 2435 349 2498 P-raeterea
358 2434 553 2498 consentiunt
567 2433 742 2508 Christiani,
764 2433 796 2494 in
810 2433 915 2496 multis
930 2431 1002 2498 fidei

156 2521 318 2600 capitibus,
341 2543 410 2602 quae
432 2520 592 2595 credenda,
624 2518 772 2592 facienda,
806 2519 836 2581 δι
858 2520 1005 2600 speranda

159 2605 414 2686 comples’mntur.
451 2605 602 2680 Credunt,
622 2603 753 2682 exempli
768 2603 866 2679 causa,
881 2626 1004 2681 omnes,

159 2693 213 2772 qui
228 2691 349 2773 quidem
365 2713 428 2752 non
444 2689 603 2772 defipiunt,
627 2706 661 2751 ut
676 2689 821 2768 potiffima
835 2690 885 2750 hic
903 2692 1005 2770 capita

160 2797 345 2846 memorem3
370 2774 395 2835 Ι.
410 2774 466 2836 esse
480 2797 577 2838 unum
592 2773 698 2836 Deum
717 2789 875 2848 aeternum‚
899 2777 1003 2836 omni-

182 2876 328 2933 otentcm,
352 2859 539 2940 summopere
551 2860 666 2920 bonum
679 2879 714 2918 ac
730 2857 875 2932 funestum,
900 2861 1004 2920 omni-

160 2882 217 3007 bus
243 2945 372 3026 denique
398 2940 554 3006 adtributo
580 2942 829 3025 praestantillimi3‚
852 2942 912 3004 sme
939 2944 1005 3007 ulla

159 3029 393 3111 imperfeelionis
417 3027 550 3102 mistura,
582 3028 760 3108 praeditum3
796 3026 813 3088 ὲ
838 3026 909 3090 Deo
935 3029 1003 3103 illo,

160 3116 311 3179 mundum
323 3112 505 3196 &quidquid
521 3113 552 3174 in
563 3135 600 3176 eo
611 3112 665 3188 est,
686 3113 916 3196 humanumque
926 3113 1003 3176 adeo

197 3282 209 3327 5
233 3267 268 3312 De
286 3263 368 3328 aliquot
384 3260 429 3324 Epi
445 3258 505 3322 alin]
530 3263 565 3308 De
598 3263 640 3308 bus
649 3236 753 3328 joannis,
770 3263 901 3322 dequarum
910 3263 1003 3310 auster·

161 3329 259 3390 Epistola
279 3331 306 3374 ad
319 3327 436 3380 iit-brutos,
452 3327 479 3369 dc
496 3325 565 3371 altera
597 3327 647 3374 ibus
659 3326 893 3388 disceptant-Eruditi.

161 3392 232 3455 l'ttri,
248 3396 319 3455 deque
334 3389 419 3439 duabus
438 3389 566 3454 posteriori·
636 3418 639 3423 -

158 3510 226 3656 ζ,

835 3488 837 3492 .
897 3473 998 3538 genus
