2325 4050
246 317 971 408 RrrroronuuL1nrn.3o3

128 440 176 502 fiae
192 441 347 514 sententia,
371 460 433 499 non
448 438 538 499 licere
553 438 588 497 iis
604 437 736 516 profiteri
752 440 785 500 se
811 462 846 500 ea
862 440 969 520 adpro-

128 526 211 601 bare,
235 548 303 607 quae
315 524 486 605 improbant
497 549 505 596 3
529 544 586 586 nec
598 545 782 605 quemquam
797 526 927 585 admittit
938 527 970 586 in

128 612 378 673 communionem
397 609 491 682 suam,
515 607 566 689 qui
582 605 757 687 profiteatur
772 610 800 670 se
816 610 853 670 ab
868 632 915 685 ea,
938 612 970 671 in

130 694 201 770 illis,
224 692 381 756 dissentire.

174 780 250 841 Sunt
262 794 377 854 tamen,
400 779 476 839 inter
488 775 699 851 dissentientes,
722 775 777 837 2V
780 778 814 839 iri
828 776 973 840 Celebres‘

130 881 222 948 atque
238 862 369 939 Eruditi,
392 863 443 944 qui
459 862 532 924 dum
545 863 662 943 prorsus
676 861 729 923 sibi
751 860 892 923 illicitum
914 863 973 925 elle

130 966 240 1031 putant
256 949 292 1010 ad
309 971 376 1010 eam
392 947 547 1023 accedere,
570 948 609 1009 ob
624 947 767 1031 dogmata
788 947 817 1010 δι
838 948 974 1028 cultum,

129 1036 164 1097 in
177 1034 287 1118 quibus
302 1031 405 1095 diversi
420 1032 458 1093 ab
473 1055 508 1094 ea
523 1032 679 1106 abierunt3
702 1055 765 1094 non
783 1033 904 1094 censent
924 1049 971 1094 ta-

131 1142 201 1181 men
225 1120 269 1179 fas
290 1116 347 1178 elle
368 1139 485 1200 omnen,
509 1118 560 1200 qui
575 1118 606 1178 in
622 1139 657 1177 ea
672 1115 807 1178 Ecclesia
821 1118 926 1180 vivunt
941 1117 971 1179 &

130 1206 315 1278 moriuntur,
338 1202 474 1264 indodios
490 1202 519 1264 δι
534 1202 651 1277 doctos,
675 1202 768 1263 salute
783 1218 894 1264 aeterna
916 1226 970 1263 ex-

131 1289 263 1352 cludere.
309 1286 385 1349 Sane
407 1288 459 1369 qui
483 1301 590 1366 putant
612 1286 766 1368 quidpiam
791 1288 821 1348 in
845 1288 879 1348 iis
902 1286 975 1362 effe,

155 1374 215 1436 uod
239 1372 406 1434 adversatur
428 1371 631 1433 fundamentis
653 1370 720 1451 ipsis
743 1370 971 1447 Christianismi,

132 1396 185 1520 lbi
208 1452 381 1519 nullatenus
404 1456 493 1518 licere
508 1455 678 1518 existimant
693 1457 728 1518 iis
744 1456 893 1533 adsentiri,
916 1480 972 1519 nec

132 1541 194 1605 fine
217 1542 384 1627 gravissimo
406 1541 515 1603 delicto
538 1539 675 1622 simulare
698 1543 725 1604 se
746 1544 870 1623 probare
890 1542 974 1624 quod

133 1628 296 1701 damnant3
319 1650 382 1709 quo
401 1624 510 1688 delicto
524 1626 551 1687 se
567 1626 584 1687 a
599 1625 691 1689 salute
711 1626 866 1689 exclusum
881 1628 928 1703 iri,
951 1626 975 1689 sr

134 1714 166 1775 in
186 1714 215 1774 id
230 1712 406 1787 inciderent,
428 1727 518 1793 atque
533 1711 568 1772 ad
586 1728 715 1774 mortem
731 1713 822 1795 usque
837 1714 972 1793 perseve-

133 1812 247 1871 rarent,
265 1797 411 1881 judicant.
456 1796 513 1858 Sed
527 1797 579 1876 qui
594 1797 675 1858 bona
685 1795 743 1858 fide
755 1798 825 1857 talia
837 1795 973 1878 amplec-
997 1792 1001 1800 ’

134 1896 255 1957 tuntur,
276 1881 357 1963 quod
372 1882 494 1943 credant
506 1878 561 1941 elle
573 1882 772 1944 consentanea
782 1881 973 1943 Revelationi

136 1966 271 2042 Divinae,
294 1982 346 2030 aut
368 1982 448 2028 certe
471 1988 542 2028 cunr
566 1988 603 2028 ea
621 1987 684 2029 non
707 1968 748 2029 ita
769 1988 917 2051 pugnare,
938 1982 974 2030 ut

135 2051 226 2113 fidem
248 2073 283 2113 ac
307 2051 493 2113 sanititatem
515 2049 717 2112 Christianam
740 2068 895 2125 evertant3
915 2050 974 2113 sive

136 2137 176 2199 ob
192 2159 287 2220 genus
303 2135 478 2212 studiorum,
501 2135 550 2196 cui
573 2136 610 2196 ab
634 2135 830 2197 adolescentia
852 2159 979 2218 operam

137 2221 255 2297 dedere,
278 2220 336 2283 five
358 2220 478 2282 desed'ru
502 2220 684 2304 cognitionis
708 2220 737 2283 δι
757 2221 875 2304 judicii,
898 2222 974 2307 ejus-

137 2306 232 2382 modi,
255 2306 390 2387 inquam‚
414 2306 551 2367 homines
567 2304 659 2367 salute
682 2305 818 2368 exclusos
839 2329 974 2387 pronun-

138 2393 217 2453 ciare
239 2413 301 2452 non
325 2389 481 2464 sustinent3
516 2391 587 2471 quia
609 2412 671 2472 quo
694 2391 785 2472 usque
808 2393 976 2475 porrigatur

139 2475 345 2538 Misericordia
359 2473 483 2550 Divina,
507 2496 578 2558 erga
594 2475 622 2536 id
638 2497 733 2558 genus
756 2477 893 2542 homines
913 2499 975 2537 non

137 2561 206 2623 satis
221 2575 343 2621 norunt.
388 2560 558 2621 innumerae
572 2559 639 2622 sunt
650 2560 877 2622 circumstantiae
890 2561 976 2622 loco-

137 2668 206 2706 rum
229 2645 258 2706 &
278 2661 462 2724 temporum,
492 2660 581 2726 atque
606 2647 775 2706 animorum
795 2646 976 2709 adfedliones

140 2731 226 2791 nobis
241 2730 370 2813 ignotae;
394 2752 462 2810 quae
477 2731 651 2791 miserorum
666 2730 839 2791 mortalium
856 2730 976 2806 d'elisla,

140 2814 219 2896 apud
243 2813 360 2895 Deum,
392 2814 524 2889 eleuant,
554 2814 729 2896 faciuntque
753 2831 786 2876 ut
814 2814 978 2877 condonari

141 2897 295 2961 nonnullis
311 2899 347 2959 ab
368 2921 405 2960 eo
424 2901 542 2981 possint,
566 2923 635 2982 quae
656 2901 686 2960 in
709 2898 773 2961 aliis
796 2900 977 2962 dodtioribus

140 2983 362 3045 damnarentur.
387 2983 493 3067 Itaque
506 2983 697 3066 aequitatis&
709 2983 873 3064 prudentiae
886 2983 977 3047 Chri-

140 3067 242 3131 stianae
257 3066 312 3129 else
327 3067 472 3146 statuunt,
495 3069 568 3130 dum
583 3071 726 3154 dogmata
742 3070 772 3131 δι
787 3068 905 3131 cultum
920 3070 977 3130 im-

173 3217 259 3264 aViri'
272 3216 385 3280 celebren]
403 3221 465 3264 Inter
483 3219 540 3266 alios
570 3221 607 3281 gio
628 3218 790 3280 Prorcflanrium
817 3227 869 3265 tuta
891 3218 928 3264 via
951 3219 978 3262 ad

141 3280 257 3327 Gulielmus
277 3282 486 3346 ctilltngworthius,
517 3285 542 3330 in
574 3283 685 3344 salutem3
720 3283 759 3326 ubi
782 3287 804 3328 δε
826 3282 882 3329 alios
904 3281 980 3328 secure

141 3343 212 3395 Libro
228 3343 327 3408 Anglico
345 3346 463 3443 inscripto:
481 3348 543 3398 Reli·
575 3347 695 3399 sentientes
705 3358 827 3396 memorat.
862 3407 969 3472 robam

841 3431 861 3492 P
967 3451 984 3485 a
