2325 4050
197 312 263 384 314
393 291 859 362 Tesriiio'iiin·

197 413 313 488 uenire,
335 393 437 495 paullo
461 413 527 496 post
550 435 614 478 rein
637 413 839 479 transaflam.
887 414 974 480 Cum
991 437 1048 482 vero

199 497 368 562 notillimus
390 497 480 562 essem
502 498 545 561 D.
565 500 730 576 Crowderr,
753 500 840 583 saepe
864 503 944 565 milii
967 503 1049 566 confi·

201 582 306 646 denter
320 585 410 660 dixit,
431 582 518 648 suiffe
537 585 597 650 lioc
617 584 760 649 ultimum
785 588 964 663 monitum,
984 589 1050 670 quod

202 688 329 752 magnus
344 670 394 734 ille
415 670 462 731 vir
485 670 574 734 uxori
595 669 688 745 dedit,
710 668 792 733 ficut
816 672 863 734 sui
887 673 986 734 officii
1006 673 1050 740 elle

202 753 344 828 credidit3
366 769 401 818 ut
421 775 492 816 eum
514 756 593 818 mori
615 754 647 818 iii
667 758 902 820 communione
922 755 1049 821 Ecclefia

203 837 382 920 Anglicanae
396 839 569 915 declararet,
591 839 624 904 in
644 861 703 923 qua
718 839 862 906 Ecclefia
884 842 1048 923 optabat&

203 921 299 1002 ipsam
312 927 424 988 viuere.
468 925 540 988 Hoc
560 925 620 1006 ipsa
641 928 769 1006 aperuit,
793 949 873 991 cum
890 928 964 990 data
978 948 1048 1007 open

204 1005 330 1071 venisset
339 1009 376 1072 ad
391 1008 521 1074 nostram
531 1007 696 1074 Ecclesiam
710 1013 799 1095 (quae
815 1030 883 1076 erat
900 1014 936 1076 in
951 1012 1047 1076 aedibii

206 1087 330 1157 Ricardi
345 1093 491 1170 Brownii,
512 1096 564 1177 qui
580 1109 655 1157 tunc
678 1097 709 1157 in
724 1096 835 1161 Gallia
854 1098 1048 1162 eratnomiue

206 1174 301 1261 Regis
315 1179 454 1264 Angliae)
470 1180 523 1242 ubi
536 1178 553 1242 ὲ
568 1201 661 1243 manu
675 1179 720 1244 D.
733 1184 910 1260 Crowdm',
934 1181 1048 1265 Capptl·

206 1253 318 1327 lanieo
331 1278 465 1346 tempore
474 1263 574 1330 Ducis
585 1264 795 1344 Eboracensis,
819 1267 940 1333 Coenae
951 1267 1049 1331 Domi·

206 1347 286 1416 uicae
300 1348 529 1414 Sacramentum
549 1352 675 1432 aceepit.
717 1350 853 1418 Fadium
865 1356 933 1416 hoc
948 1352 990 1416 est
1002 1352 1049 1416 sla·

222 1431 264 1495 'm
279 1433 344 1516 post
359 1450 487 1498 mortem
501 1438 563 1519 ejus
579 1438 647 1511 viri,
669 1458 760 1519 quam
778 1440 920 1518 primum
942 1461 994 1521 per
1013 1441 1051 1519 ip·

217 1516 276 1584 sius
297 1522 426 1586 rationes
450 1521 547 1584 licuit.
592 1522 839 1604 Archiepiscopus
863 1523 1054 1598 Branrhalbis,

209 1603 365 1669 Hiberniae
381 1609 501 1687 primas,
525 1610 556 1669 in
575 1606 746 1670 defensione
759 1608 802 1670 sui
818 1608 912 1689 ipsius
930 1610 959 1673 δι
975 1607 1052 1690 Epis·

209 1693 320 1771 copalis
336 1692 432 1768 Cleri,
455 1708 562 1755 eontra
576 1691 702 1755 Ricardi
712 1693 838 1757 Baxteri
850 1693 1054 1777 Presbyterani

92 1792 96 1798 ·
210 1778 427 1841 accusationem
457 1777 596 1859 Papismi,
631 1778 673 1840 ita
701 1778 738 1840 de
767 1778 868 1841 Grotii'
897 1778 1056 1862 Religione

99 1905 102 1910 -
211 1863 344 1944 loquitur
358 1885 388 1945 p.
405 1881 457 1925 21.
503 1862 556 1925 Ille
574 1864 691 1948 adfec'lu
710 1878 774 1926 erat
793 1864 915 1941 amiciis,
940 1865 977 1925 ὅ
992 1861 1057 1945 deſs-

211 1952 288 2016 derio
298 1971 383 2012 verus
389 1946 472 2031 filius
482 1946 609 2032 Ecclesia
618 1946 789 2031 Anglicanae,
804 1966 892 2032 quam
904 1949 992 2010 uxori
998 1949 1058 2032 sua

214 2040 249 2103 δ’
263 2036 331 2101 aliis
343 2036 440 2099 amicis
455 2032 636 2110 laudaverat,
658 2043 808 2115 auclorque
829 2051 860 2097 ut
884 2036 913 2097 ei
929 2035 1058 2118 firmiter

212 2123 400 2197 adhaererent,
423 2136 555 2202 quatenus
569 2119 609 2182 eis
621 2133 800 2202 opportunum
812 2120 887 2204 effer.
927 2119 995 2202 Ego
1008 2120 1059 2204 ipse

143 2270 147 2279 ,
215 2211 250 2271 {5
266 2207 319 2270 alii
333 2208 413 2269 multi
428 2204 552 2267 vidimus
566 2206 625 2285 eius
639 2218 751 2266 uxorem
768 2205 913 2267 mandatis
928 2206 997 2267 viri
1008 2221 1059 2288 pa·

215 2308 331 2368 rentem,
353 2293 425 2374 quod
439 2291 535 2371 palam
558 2291 608 2351 illa
629 2290 795 2375 testabatur,
809 2290 889 2375 jbpe
910 2292 955 2351 ad
968 2304 1061 2372 prices

217 2381 323 2463 nostras
346 2380 381 2440 {55
401 2381 641 2461 sacramentorum
666 2375 867 2437 celebrationem
892 2376 1060 2438 venientem.

217 2463 300 2528 Cum
323 2461 468 2526 Matthias
490 2458 646 2534 Trimerus,
669 2459 768 2522 Grotii
788 2461 915 2535 amicus,
939 2476 1062 2540 cuperet

217 2551 289 2612 scire
309 2569 362 2610 cur
383 2547 441 2626 ipse
463 2568 524 2607 non
546 2546 639 2607 adiret
653 2547 904 2606 communionem
919 2543 1062 2606 Ecclefiae

219 2635 414 2720 Anglicanae3
431 2631 578 2711 respondit
589 2631 615 2692 se
625 2631 752 2692 libenter
762 2630 789 2691 id
799 2629 951 2692 sadlurum
964 2631 1061 2706 fuisse,

219 2720 274 2783 nisi
290 2719 367 2781 ratio
383 2716 512 2779 muneris
527 2713 634 2800 Legati
651 2715 765 2777 Sueciae
781 2714 918 2777 obstaret.
967 2712 1063 2777 Cete-

219 2807 305 2887 toqui
321 2805 510 2866 vehementer
533 2801 677 2881 probabat
698 2801 867 2862 doetrinam
880 2801 912 2863 δι
927 2800 1062 2881 discipli·

219 2912 290 2953 nam
306 2889 447 2962 nostram,
469 2887 499 2949 di
523 2889 554 2948 in
578 2884 675 2948 nostra
691 2885 917 2949 Communione
937 2888 1063 2964 optabat

219 2978 319 3038 vivere
333 2975 362 3036 δι
377 2974 463 3034 mori.
507 2970 535 3033 Si
548 2973 614 3053 quis
626 2987 709 3051 putet
719 2971 747 3032 se
759 2972 864 3031 melius
877 2967 960 3031 nolle
975 2991 1062 3032 men-

220 3076 280 3123 tem
297 3058 405 3134 Groiii,
428 3080 467 3119 ex
488 3057 672 3139 conjedlura,
693 3059 722 3122 δι
743 3055 944 3129 consedlariis,
968 3077 1062 3137 quam

219 3147 324 3227 ipsum,
348 3160 398 3206 aut
414 3141 596 3204 dissimulasse
609 3164 692 3217 eum,
715 3143 791 3223 apud
805 3163 931 3204 uxorem
942 3140 973 3202 δι
987 3141 1062 3202 libe-

219 3252 279 3303 ros,
302 3231 415 3292 fruatur
439 3230 489 3290 sua
514 3227 779 3310 ipsius-opinione,
802 3228 930 3289 sednon
946 3226 1062 3288 multos

221 3316 341 3378 habebit
364 3313 415 3377 fibi
437 3314 646 3379 adsentientes.
690 3313 777 3377 Vale.
808 3313 839 3377 Ε
858 3309 937 3377 Valle
952 3309 1063 3394 Regia.

220 3420 272 3486 23.
287 3400 372 3484 Junii
388 3418 560 3465 iiucevii.
1006 3480 1039 3544 E

1039 3506 1064 3549 x
