2325 4050
283 270 620 383 tenuerimus
645 315 741 382 Lrs.
764 316 821 382 111.
912 341 973 408 147

130 436 185 522 pla
205 436 378 515 ostendunt,
407 439 437 501 id
463 438 578 501 caeteris
604 437 788 518 praeferatur.
833 436 878 500 At
899 460 973 502 vero

131 522 219 600 dolo,
242 539 296 588 aut
317 523 378 588 alio
397 523 504 606 quovis
526 521 631 597 modo,
654 522 757 584 omnia
772 521 912 604 exempla
925 524 972 585 vi-

132 610 221 685 tiata,
243 608 274 672 &
296 608 419 692 quidem
440 608 472 670 in
493 608 542 684 iis,
563 627 633 690 quae
652 605 690 669 ad
711 607 835 692 dogma,
858 622 911 670 aut
924 608 973 671 in-

133 688 217 778 ligne
240 692 363 776 aliquod
386 690 515 757 historiae
540 705 633 774 caput
654 692 848 773 pertinerent,
880 714 972 756 nurn-

157 800 229 841 uam
252 778 439 860 probabitur:
474 799 572 861 neque
595 776 677 838 enirn
702 791 756 839 aut
776 775 974 843 instrumenta

92 900 98 910 ·
134 801 215 939 lunt,
237 885 306 946 quae
320 863 350 926 id
365 863 504 938 doceant,
526 870 626 945 neque
645 858 732 923 testes
750 861 872 926 illorum
892 879 973 927 tem·

135 969 261 1028 porum:
284 947 366 1031 quod
387 945 511 1029 siquid,
535 962 570 1009 ut
591 948 653 1009 'am
674 946 767 1009 modo
788 948 974 1025 dicebamus,

134 1033 227 1095 serius
250 1031 348 1095 multo
370 1030 484 1105 dicium
505 1030 547 1092 est
569 970 607 1092 ab
629 1031 676 1104 iis,
698 1031 751 1113 qui
765 1032 796 1094 in
811 1035 920 1095 horum
935 1034 973 1095 li-

135 1115 260 1179 bromm
274 1115 431 1199 discipulos
446 1117 622 1178 atrociffima
638 1115 707 1177 odia
726 1117 906 1180 exercebant
912 1146 921 1194 3
945 1118 975 1181 id

136 1223 192 1284 pro
206 1201 357 1279 convici0,
380 1223 443 1264 non
458 1223 512 1281 pro
526 1199 709 1276 testimoni0,
731 1200 904 1263 habendum
919 1203 971 1265 est.

136 1285 180 1348 Et
201 1287 333 1349 sufficere
355 1286 477 1370 quidem
500 1287 578 1359 haec,
604 1306 673 1368 quae
695 1283 838 1360 diximus,
861 1286 976 1366 poss‘ent

137 1370 275 1432 adversus
301 1392 366 1447 cos,
403 1369 455 1453 qui
482 1368 653 1450 Scripturae'
668 1370 868 1431 mutationem
898 1373 973 1455 obji-

136 1454 224 1517 ciunt
231 1481 241 1529 ;
264 1463 359 1517 ⁹cum
379 1455 431 1538 qui
451 1453 481 1517 id
500 1455 641 1528 affirmet,
663 1453 825 1535 praesertim
840 1453 976 1520 adversus

137 1537 320 1623 scripturam
333 1540 385 1602 diu
398 1538 520 1621 lateque
534 1553 699 1619 receptam,
721 1537 758 1613 is,
782 1538 863 1621 quod
875 1539 975 1602 inten-

134 1624 193 1699 dit,
217 1624 341 1706 probate
361 1624 419 1705 ipse
442 1622 563 1686 debeat:
588 1638 619 1684 at
641 1645 710 1698 nos,
731 1645 794 1704 quo
809 1624 905 1707 magis
921 1648 976 1706 pa-

136 1708 231 1771 tescat
255 1708 335 1771 illius
361 1707 536 1793 objediionis
562 1707 690 1784 vanitas,
720 1705 908 1771 ostendemus
933 1711 975 1795 id,

136 1793 221 1875 quod
243 1792 287 1856 illi
309 1792 423 1856 sactum
446 1790 577 1876 lingunt,
607 1814 664 1854 nec
685 1792 799 1857 factum
819 1791 887 1871 css'e‚
918 1819 976 1858 nce

138 1874 265 1958 potuisse
278 1875 351 1941 fieri.
395 1875 550 1939 Evicimus
568 1877 657 1959 supra
679 1876 770 1939 libros
794 1900 899 1941 eorum
919 1880 977 1944 ess'e

138 1961 337 2045 Scriptorum,
358 1983 488 2046 quorum
503 1963 628 2025 nomina
642 1962 818 2043 praeferunt:
842 1986 904 2046 quo
919 1988 975 2047 po·

136 2045 205 2123 sno,
229 2047 369 2132 sequitur,
391 2068 454 2109 non
469 2045 526 2109 else
541 2047 616 2109 alios
631 2045 722 2109 libros
739 2061 793 2129 pro
816 2047 881 2110 aliis
905 2051 973 2131 sup-

138 2130 260 2212 posttos.
304 2131 376 2194 Pars
391 2153 512 2215 quoque
530 2131 630 2213 aliqua
646 2130 766 2214 insignis
781 2147 896 2193 mutata
912 2158 975 2198 non

136 2216 189 2277 est.
236 2215 321 2279 Nam
345 2238 417 2279 cum
439 2237 475 2277 ea
497 2216 626 2278 mutatio
646 2214 758 2297 aliquid
781 2214 831 2276 fibi
854 2217 976 2283 deberet

136 2301 249 2363 habere
267 2300 471 2384 propositum,
507 2322 544 2362 ea
569 2320 635 2381 pars
662 2300 815 2361 icaeteris
843 2303 975 2382 partibus

134 2384 276 2468 librisque
298 2408 362 2448 non
384 2385 487 2447 itidem
506 2385 630 2447 mutatis
644 2384 815 2447 notabiliter
829 2385 974 2470 discrepa-

135 2484 196 2546 ret,
212 2470 294 2551 quod
305 2491 387 2533 nunc
399 2470 459 2530 nus
474 2492 545 2531 uam
556 2469 753 2550 conspicitur3
776 2472 838 2531 imo
852 2487 884 2533 ut
896 2473 973 2536 dixi-

136 2575 221 2628 mus,
243 2552 422 2617 admirabilis
437 2492 480 2615 el
495 2555 605 2636 ubique
617 2553 754 2615 sensuum
768 2555 973 2621 consonantia.

137 2637 314 2701 Tumvero
338 2655 372 2701 ut
396 2639 525 2720 primurn
541 2636 756 2718 Apostolorum
780 2637 899 2721 aliquis,
923 2657 976 2707 aut

136 2724 272 2786 virorum
293 2721 539 2804 Apostolicorum
568 2721 681 2804 aliquid
706 2722 813 2798 edidit;
848 2725 974 2791 dubium

136 2805 271 2882 nonest,
293 2807 368 2890 quin
383 2805 543 2870 Christiani
559 2829 671 2891 magna
690 2807 856 2891 diligentia,
879 2827 913 2873 ut
928 2814 974 2895 ip-

135 2892 239 2955 sorum
265 2893 406 2973 pietatem
429 2890 459 2953 &
483 2891 612 2954 studium
635 2893 843 2955 conservandae
866 2918 975 2980 propa.

179 2975 305 3056 ndaeque
329 2975 365 3038 ad
385 2974 515 3057 posteros
529 2977 662 3038 veritatis
676 2977 812 3054 decebat,
835 2982 976 3063 exempla

135 2997 190 3123 libi
210 3057 279 3122 inde
302 3059 431 3142 plurima
454 3062 623 3135 sumserint3
647 3084 715 3145 quae
737 3063 861 3144 proinde
881 3065 975 3147 sparsa

134 3143 197 3209 sint
217 3165 310 3230 quam
331 3144 392 3207 late
412 3146 533 3225 patebat
547 3144 753 3209 Christianum
769 3169 893 3225 nomen,
923 3171 976 3231 per

168 3293 253 3358 9Cum
270 3295 309 3359 qui
326 3293 352 3341 id
365 3292 463 3359 affirmet,
476 3309 539 3361 prae-
570 3296 613 3353 die,
645 3295 719 3344 robure
729 3293 873 3368 ipsedebeat]
891 3298 918 3343 L.
929 3296 974 3350 ult.

124 3359 207 3426 sertim
225 3356 328 3423 adverjiu
348 3358 480 3423 Scnpturam
502 3361 540 3408 diu
571 3361 601 3405 C.
634 3360 738 3409 citrino
750 3360 804 3408 Divi
815 3361 911 3408 Adriani
929 3362 976 3409 tol·

129 3425 219 3489 lateque
230 3434 339 3487 receptam,
355 3423 383 3483 is,
400 3425 457 3489 quod
471 3426 540 3473 laten·
572 3423 648 3472 tendo.

583 3503 602 3549 2
875 3484 975 3551 Eurod
