<?xml version="1.0" encoding="UTF-8"?>
<!DOCTYPE html PUBLIC "-//W3C//DTD XHTML 1.0 Transitional//EN"
    "http://www.w3.org/TR/xhtml1/DTD/xhtml1-transitional.dtd">
<html xmlns="http://www.w3.org/1999/xhtml" xml:lang="en" lang="en">
 <head>
  <title>
</title>
<meta http-equiv="Content-Type" content="text/html;charset=utf-8" />
  <meta name='ocr-system' content='tesseract 3.04.00' />
  <meta name='ocr-capabilities' content='ocr_page ocr_carea ocr_par ocr_line ocrx_word'/>
</head>
<body>
  <div class='ocr_page' id='page_1' title='image "./hugogrotiusdeve00clergoog_0143.png"; bbox 0 0 2325 4050; ppageno 0'>
   <div class='ocr_carea' id='block_1_1' title="bbox 348 313 1031 403">
    <p class='ocr_par' dir='ltr' id='par_1_1' title="bbox 348 313 1031 403">
     <span class='ocr_line' id='line_1_1' title="bbox 348 313 1031 403; baseline 0 -19"><span class='ocrx_word' id='word_1_1' title='bbox 348 313 675 385; x_wconf 79' lang='lat' dir='ltr'>Rrr.Cnu1sr.</span> <span class='ocrx_word' id='word_1_2' title='bbox 712 313 872 383; x_wconf 79' lang='lat' dir='ltr'>Lrn.Il.</span> <span class='ocrx_word' id='word_1_3' title='bbox 971 334 1031 403; x_wconf 77' lang='grc' dir='ltr'>ης</span> 
     </span>
    </p>
   </div>
   <div class='ocr_carea' id='block_1_2' title="bbox 146 437 1076 2724">
    <p class='ocr_par' dir='ltr' id='par_1_2' title="bbox 146 437 1076 2724">
     <span class='ocr_line' id='line_1_2' title="bbox 190 437 1031 524; baseline -0.002 -23"><span class='ocrx_word' id='word_1_4' title='bbox 190 453 330 524; x_wconf 81' lang='lat' dir='ltr'>negetur.</span> <span class='ocrx_word' id='word_1_5' title='bbox 374 441 420 502; x_wconf 86' lang='lat' dir='ltr'>At</span> <span class='ocrx_word' id='word_1_6' title='bbox 434 443 511 503; x_wconf 91' lang='lat' dir='ltr'>inter</span> <span class='ocrx_word' id='word_1_7' title='bbox 526 438 724 514; x_wconf 84' lang='lat' dir='ltr'>Christianos,</span> <span class='ocrx_word' id='word_1_8' title='bbox 748 454 879 502; x_wconf 88' lang='lat' dir='ltr'>mortem</span> <span class='ocrx_word' id='word_1_9' title='bbox 890 437 929 501; x_wconf 86' lang='lat' dir='ltr'>ob</span> <span class='ocrx_word' id='word_1_10' title='bbox 945 439 1031 499; x_wconf 85' lang='lat' dir='ltr'>suum</span> 
     </span>
     <span class='ocr_line' id='line_1_3' title="bbox 189 521 1030 608; baseline -0.004 -22"><span class='ocrx_word' id='word_1_11' title='bbox 189 523 476 608; x_wconf 72' lang='lat' dir='ltr'>dogma‘perpessos,</span> <span class='ocrx_word' id='word_1_12' title='bbox 499 526 581 586; x_wconf 86' lang='lat' dir='ltr'>suere</span> <span class='ocrx_word' id='word_1_13' title='bbox 595 526 733 588; x_wconf 88' lang='lat' dir='ltr'>homines</span> <span class='ocrx_word' id='word_1_14' title='bbox 747 524 783 585; x_wconf 89' lang='lat' dir='ltr'>de</span> <span class='ocrx_word' id='word_1_15' title='bbox 795 523 881 605; x_wconf 87' lang='lat' dir='ltr'>plebe</span> <span class='ocrx_word' id='word_1_16' title='bbox 896 521 1030 604; x_wconf 77' lang='lat' dir='ltr'><strong>plurimi,</strong></span> 
     </span>
     <span class='ocr_line' id='line_1_4' title="bbox 191 609 1029 694; baseline 0.004 -24"><span class='ocrx_word' id='word_1_17' title='bbox 191 611 244 672; x_wconf 86' lang='lat' dir='ltr'>vix</span> <span class='ocrx_word' id='word_1_18' title='bbox 260 610 365 671; x_wconf 90' lang='lat' dir='ltr'>vicinis</span> <span class='ocrx_word' id='word_1_19' title='bbox 379 610 436 672; x_wconf 86' lang='lat' dir='ltr'>suis</span> <span class='ocrx_word' id='word_1_20' title='bbox 459 610 592 694; x_wconf 78' lang='lat' dir='ltr'>cogniti,</span> <span class='ocrx_word' id='word_1_21' title='bbox 616 609 766 684; x_wconf 87' lang='lat' dir='ltr'>mulieres,</span> <span class='ocrx_word' id='word_1_22' title='bbox 789 610 931 692; x_wconf 85' lang='lat' dir='ltr'>virgines,</span> <span class='ocrx_word' id='word_1_23' title='bbox 956 611 1029 673; x_wconf 59' lang='lat' dir='ltr'>ado*</span> 
     </span>
     <span class='ocr_line' id='line_1_5' title="bbox 190 693 1071 777; baseline -0.002 -21"><span class='ocrx_word' id='word_1_24' title='bbox 190 693 347 769; x_wconf 85' lang='lat' dir='ltr'>lesceutes&#39;,</span> <span class='ocrx_word' id='word_1_25' title='bbox 371 695 480 777; x_wconf 88' lang='lat' dir='ltr'>quibus</span> <span class='ocrx_word' id='word_1_26' title='bbox 502 716 559 755; x_wconf 90' lang='lat' dir='ltr'>nec</span> <span class='ocrx_word' id='word_1_27' title='bbox 579 693 728 775; x_wconf 86' lang='lat' dir='ltr'>appetitus</span> <span class='ocrx_word' id='word_1_28' title='bbox 750 693 858 769; x_wconf 85' lang='lat' dir='ltr'>inerat,</span> <span class='ocrx_word' id='word_1_29' title='bbox 888 714 944 755; x_wconf 89' lang='lat' dir='ltr'>nec</span> <span class='ocrx_word' id='word_1_30' title='bbox 968 695 1031 776; x_wconf 80' lang='lat' dir='ltr'>spes</span> <span class='ocrx_word' id='word_1_31' title='bbox 1067 764 1071 769; x_wconf 41' lang='grc'><strong>,</strong></span> 
     </span>
     <span class='ocr_line' id='line_1_6' title="bbox 191 776 1030 859; baseline 0.002 -21"><span class='ocrx_word' id='word_1_32' title='bbox 191 778 355 859; x_wconf 84' lang='lat' dir='ltr'>probabilis</span> <span class='ocrx_word' id='word_1_33' title='bbox 369 777 502 840; x_wconf 81' lang='lat' dir='ltr'>duraturi</span> <span class='ocrx_word' id='word_1_34' title='bbox 517 778 665 852; x_wconf 73' lang='lat' dir='ltr'>nominis,</span> <span class='ocrx_word' id='word_1_35' title='bbox 689 776 764 840; x_wconf 87' lang='lat' dir='ltr'>licut</span> <span class='ocrx_word' id='word_1_36' title='bbox 786 777 815 841; x_wconf 75' lang='grc' dir='ltr'>δι</span> <span class='ocrx_word' id='word_1_37' title='bbox 839 781 927 858; x_wconf 79' lang='lat' dir='ltr'>pauc-i</span> <span class='ocrx_word' id='word_1_38' title='bbox 950 778 1030 854; x_wconf 87' lang='lat' dir='ltr'>sunt,</span> 
     </span>
     <span class='ocr_line' id='line_1_7' title="bbox 191 856 1076 948; baseline 0.001 -24"><span class='ocrx_word' id='word_1_39' title='bbox 191 856 471 945; x_wconf 78' lang='lat' dir='ltr'>quorumnomina</span> <span class='ocrx_word' id='word_1_40' title='bbox 492 863 524 924; x_wconf 89' lang='lat' dir='ltr'>in</span> <span class='ocrx_word' id='word_1_41' title='bbox 539 861 769 948; x_wconf 88' lang='lat' dir='ltr'>Martyrologiis</span> <span class='ocrx_word' id='word_1_42' title='bbox 793 862 921 938; x_wconf 83' lang='lat' dir='ltr'>exstant,</span> <span class='ocrx_word' id='word_1_43' title='bbox 942 866 1031 945; x_wconf 77' lang='lat' dir='ltr'>&#39;&#39;prae</span> <span class='ocrx_word' id='word_1_44' title='bbox 1070 930 1076 935; x_wconf 61' lang='grc'><em>,</em></span> 
     </span>
     <span class='ocr_line' id='line_1_8' title="bbox 189 947 1031 1029; baseline 0.001 -19"><span class='ocrx_word' id='word_1_45' title='bbox 189 968 321 1010; x_wconf 89' lang='lat' dir='ltr'>numero</span> <span class='ocrx_word' id='word_1_46' title='bbox 343 955 460 1023; x_wconf 89' lang='lat' dir='ltr'>eorum,</span> <span class='ocrx_word' id='word_1_47' title='bbox 483 948 535 1029; x_wconf 94' lang='lat' dir='ltr'>qui</span> <span class='ocrx_word' id='word_1_48' title='bbox 557 968 625 1008; x_wconf 86' lang='lat' dir='ltr'>earn</span> <span class='ocrx_word' id='word_1_49' title='bbox 650 947 689 1010; x_wconf 92' lang='lat' dir='ltr'>ob</span> <span class='ocrx_word' id='word_1_50' title='bbox 711 947 830 1009; x_wconf 84' lang='lat' dir='ltr'>causam</span> <span class='ocrx_word' id='word_1_51' title='bbox 851 947 1031 1029; x_wconf 81' lang='lat' dir='ltr'>suppliciunt</span> 
     </span>
     <span class='ocr_line' id='line_1_9' title="bbox 189 1030 1051 1108; baseline 0.003 -16"><span class='ocrx_word' id='word_1_52' title='bbox 189 1031 371 1108; x_wconf 87' lang='lat' dir='ltr'>tolerarunt,</span> <span class='ocrx_word' id='word_1_53' title='bbox 394 1031 563 1096; x_wconf 86' lang='lat' dir='ltr'>&amp;tanturn</span> <span class='ocrx_word' id='word_1_54' title='bbox 587 1032 618 1092; x_wconf 91' lang='lat' dir='ltr'>in</span> <span class='ocrx_word' id='word_1_55' title='bbox 644 1030 803 1093; x_wconf 89' lang='lat' dir='ltr'>cumulum</span> <span class='ocrx_word' id='word_1_56' title='bbox 828 1033 1028 1096; x_wconf 85' lang='lat' dir='ltr'>recensentur.</span> <span class='ocrx_word' id='word_1_57' title='bbox 1049 1040 1051 1044; x_wconf 83' lang='grc'><strong>’</strong></span> 
     </span>
     <span class='ocr_line' id='line_1_10' title="bbox 191 1114 1029 1199; baseline 0.002 -21"><span class='ocrx_word' id='word_1_58' title='bbox 191 1115 333 1190; x_wconf 82' lang='lat' dir='ltr'><strong>Accedit,</strong></span> <span class='ocrx_word' id='word_1_59' title='bbox 356 1116 438 1199; x_wconf 89' lang='lat' dir='ltr'>quod</span> <span class='ocrx_word' id='word_1_60' title='bbox 453 1115 510 1178; x_wconf 90' lang='lat' dir='ltr'>levi</span> <span class='ocrx_word' id='word_1_61' title='bbox 525 1115 627 1198; x_wconf 84' lang='lat' dir='ltr'>aliqua</span> <span class='ocrx_word' id='word_1_62' title='bbox 646 1114 846 1192; x_wconf 73' lang='lat' dir='ltr'>simulatione,</span> <span class='ocrx_word' id='word_1_63' title='bbox 869 1133 941 1198; x_wconf 90' lang='lat' dir='ltr'>puta</span> <span class='ocrx_word' id='word_1_64' title='bbox 956 1119 1029 1180; x_wconf 90' lang='lat' dir='ltr'>thu-</span> 
     </span>
     <span class='ocr_line' id='line_1_11' title="bbox 189 1200 1030 1284; baseline 0.004 -21"><span class='ocrx_word' id='word_1_65' title='bbox 189 1200 231 1263; x_wconf 86' lang='lat' dir='ltr'>ris</span> <span class='ocrx_word' id='word_1_66' title='bbox 246 1201 331 1284; x_wconf 75' lang='lat' dir='ltr'>jadtu</span> <span class='ocrx_word' id='word_1_67' title='bbox 345 1202 377 1262; x_wconf 93' lang='lat' dir='ltr'>in</span> <span class='ocrx_word' id='word_1_68' title='bbox 391 1223 487 1274; x_wconf 86' lang='lat' dir='ltr'>aram,</span> <span class='ocrx_word' id='word_1_69' title='bbox 510 1200 644 1283; x_wconf 85' lang='lat' dir='ltr'>plerique</span> <span class='ocrx_word' id='word_1_70' title='bbox 659 1201 686 1263; x_wconf 90' lang='lat' dir='ltr'>se</span> <span class='ocrx_word' id='word_1_71' title='bbox 701 1201 825 1263; x_wconf 84' lang='lat' dir='ltr'>liberare</span> <span class='ocrx_word' id='word_1_72' title='bbox 840 1201 857 1262; x_wconf 74' lang='lat' dir='ltr'>d</span> <span class='ocrx_word' id='word_1_73' title='bbox 870 1202 922 1262; x_wconf 86' lang='lat' dir='ltr'>tali</span> <span class='ocrx_word' id='word_1_74' title='bbox 938 1225 1030 1283; x_wconf 87' lang='lat' dir='ltr'>poena</span> 
     </span>
     <span class='ocr_line' id='line_1_12' title="bbox 189 1284 1028 1369; baseline 0.002 -23"><span class='ocrx_word' id='word_1_75' title='bbox 189 1300 376 1366; x_wconf 84' lang='lat' dir='ltr'>potuerunt3</span> <span class='ocrx_word' id='word_1_76' title='bbox 393 1284 474 1369; x_wconf 83' lang='lat' dir='ltr'>quod</span> <span class='ocrx_word' id='word_1_77' title='bbox 486 1285 523 1346; x_wconf 90' lang='lat' dir='ltr'>de</span> <span class='ocrx_word' id='word_1_78' title='bbox 534 1284 593 1347; x_wconf 88' lang='lat' dir='ltr'>illis</span> <span class='ocrx_word' id='word_1_79' title='bbox 605 1285 663 1346; x_wconf 92' lang='lat' dir='ltr'>dici</span> <span class='ocrx_word' id='word_1_80' title='bbox 675 1307 737 1347; x_wconf 92' lang='lat' dir='ltr'>non</span> <span class='ocrx_word' id='word_1_81' title='bbox 751 1285 858 1367; x_wconf 84' lang='lat' dir='ltr'>potest,</span> <span class='ocrx_word' id='word_1_82' title='bbox 872 1288 935 1367; x_wconf 91' lang='lat' dir='ltr'>qui,</span> <span class='ocrx_word' id='word_1_83' title='bbox 951 1310 1028 1368; x_wconf 84' lang='lat' dir='ltr'>qua-</span> 
     </span>
     <span class='ocr_line' id='line_1_13' title="bbox 188 1366 1029 1452; baseline 0.004 -22"><span class='ocrx_word' id='word_1_84' title='bbox 188 1366 384 1452; x_wconf 77' lang='lat' dir='ltr'>lemcumque</span> <span class='ocrx_word' id='word_1_85' title='bbox 398 1370 512 1441; x_wconf 80' lang='lat' dir='ltr'>sensum</span> <span class='ocrx_word' id='word_1_86' title='bbox 532 1370 563 1431; x_wconf 88' lang='lat' dir='ltr'>in</span> <span class='ocrx_word' id='word_1_87' title='bbox 586 1370 676 1431; x_wconf 89' lang='lat' dir='ltr'>corde</span> <span class='ocrx_word' id='word_1_88' title='bbox 699 1385 879 1448; x_wconf 81' lang='lat' dir='ltr'>premerent,</span> <span class='ocrx_word' id='word_1_89' title='bbox 901 1387 981 1431; x_wconf 86' lang='lat' dir='ltr'>certe</span> <span class='ocrx_word' id='word_1_90' title='bbox 997 1373 1029 1434; x_wconf 88' lang='lat' dir='ltr'>in</span> 
     </span>
     <span class='ocr_line' id='line_1_14' title="bbox 189 1451 1029 1538; baseline 0.002 -23"><span class='ocrx_word' id='word_1_91' title='bbox 189 1453 277 1522; x_wconf 64' lang='lat' dir='ltr'>fadlis</span> <span class='ocrx_word' id='word_1_92' title='bbox 289 1455 454 1536; x_wconf 80' lang='lat' dir='ltr'>conspicuis</span> <span class='ocrx_word' id='word_1_93' title='bbox 466 1453 502 1514; x_wconf 87' lang='lat' dir='ltr'>ad</span> <span class='ocrx_word' id='word_1_94' title='bbox 517 1451 603 1538; x_wconf 85' lang='lat' dir='ltr'>vulgi</span> <span class='ocrx_word' id='word_1_95' title='bbox 617 1474 715 1515; x_wconf 85' lang='lat' dir='ltr'>mores</span> <span class='ocrx_word' id='word_1_96' title='bbox 730 1453 757 1514; x_wconf 86' lang='lat' dir='ltr'>se</span> <span class='ocrx_word' id='word_1_97' title='bbox 772 1469 962 1533; x_wconf 87' lang='lat' dir='ltr'>aptaverant:</span> <span class='ocrx_word' id='word_1_98' title='bbox 986 1457 1029 1517; x_wconf 82' lang='lat' dir='ltr'>ita</span> 
     </span>
     <span class='ocr_line' id='line_1_15' title="bbox 188 1537 1029 1619; baseline 0.006 -21"><span class='ocrx_word' id='word_1_99' title='bbox 188 1552 226 1598; x_wconf 89' lang='lat' dir='ltr'>ut</span> <span class='ocrx_word' id='word_1_100' title='bbox 249 1560 340 1619; x_wconf 88' lang='lat' dir='ltr'>prope</span> <span class='ocrx_word' id='word_1_101' title='bbox 362 1539 402 1600; x_wconf 92' lang='lat' dir='ltr'>ob</span> <span class='ocrx_word' id='word_1_102' title='bbox 422 1537 484 1600; x_wconf 89' lang='lat' dir='ltr'>Dei</span> <span class='ocrx_word' id='word_1_103' title='bbox 500 1540 654 1600; x_wconf 43' lang='lat' dir='ltr'>*honorem</span> <span class='ocrx_word' id='word_1_104' title='bbox 678 1552 808 1600; x_wconf 90' lang='lat' dir='ltr'>mortem</span> <span class='ocrx_word' id='word_1_105' title='bbox 831 1537 943 1600; x_wconf 77' lang='lat' dir='ltr'>subiisse</span> <span class='ocrx_word' id='word_1_106' title='bbox 965 1562 1029 1602; x_wconf 91' lang='lat' dir='ltr'>non</span> 
     </span>
     <span class='ocr_line' id='line_1_16' title="bbox 189 1620 1027 1704; baseline 0.004 -21"><span class='ocrx_word' id='word_1_107' title='bbox 189 1620 264 1684; x_wconf 73' lang='lat' dir='ltr'>aliis‘¹</span> <span class='ocrx_word' id='word_1_108' title='bbox 282 1624 370 1685; x_wconf 90' lang='lat' dir='ltr'>tribui</span> <span class='ocrx_word' id='word_1_109' title='bbox 396 1625 493 1703; x_wconf 82' lang='lat' dir='ltr'>possit,</span> <span class='ocrx_word' id='word_1_110' title='bbox 515 1644 610 1704; x_wconf 86' lang='lat' dir='ltr'>quam</span> <span class='ocrx_word' id='word_1_111' title='bbox 631 1621 758 1702; x_wconf 81' lang='lat' dir='ltr'>Judaels,</span> <span class='ocrx_word' id='word_1_112' title='bbox 782 1621 812 1684; x_wconf 80' lang='lat' dir='ltr'>dc</span> <span class='ocrx_word' id='word_1_113' title='bbox 835 1621 1027 1686; x_wconf 75' lang='lat' dir='ltr'>Christianis:</span> 
     </span>
     <span class='ocr_line' id='line_1_17' title="bbox 189 1705 1029 1790; baseline 0.001 -21"><span class='ocrx_word' id='word_1_114' title='bbox 189 1727 226 1769; x_wconf 78' lang='lat' dir='ltr'>ac</span> <span class='ocrx_word' id='word_1_115' title='bbox 241 1705 280 1769; x_wconf 82' lang='lat' dir='ltr'>ne</span> <span class='ocrx_word' id='word_1_116' title='bbox 291 1705 405 1788; x_wconf 85' lang='lat' dir='ltr'>Judaeis</span> <span class='ocrx_word' id='word_1_117' title='bbox 420 1708 555 1789; x_wconf 90' lang='lat' dir='ltr'>quidem,</span> <span class='ocrx_word' id='word_1_118' title='bbox 578 1706 642 1788; x_wconf 90' lang='lat' dir='ltr'>post</span> <span class='ocrx_word' id='word_1_119' title='bbox 658 1705 768 1768; x_wconf 87' lang='lat' dir='ltr'>Christi</span> <span class='ocrx_word' id='word_1_120' title='bbox 782 1723 933 1790; x_wconf 86' lang='lat' dir='ltr'>tempora:</span> <span class='ocrx_word' id='word_1_121' title='bbox 958 1725 1029 1770; x_wconf 86' lang='lat' dir='ltr'>ante</span> 
     </span>
     <span class='ocr_line' id='line_1_18' title="bbox 188 1789 1027 1875; baseline 0.004 -22"><span class='ocrx_word' id='word_1_122' title='bbox 188 1813 226 1853; x_wconf 85' lang='lat' dir='ltr'>ea</span> <span class='ocrx_word' id='word_1_123' title='bbox 240 1796 312 1854; x_wconf 87' lang='lat' dir='ltr'>vero</span> <span class='ocrx_word' id='word_1_124' title='bbox 327 1791 442 1873; x_wconf 87' lang='lat' dir='ltr'>paucis,</span> <span class='ocrx_word' id='word_1_125' title='bbox 465 1789 580 1853; x_wconf 88' lang='lat' dir='ltr'>ficum</span> <span class='ocrx_word' id='word_1_126' title='bbox 602 1790 776 1854; x_wconf 87' lang='lat' dir='ltr'>Christianis</span> <span class='ocrx_word' id='word_1_127' title='bbox 802 1810 1027 1875; x_wconf 87' lang='lat' dir='ltr'>comparentur,</span> 
     </span>
     <span class='ocr_line' id='line_1_19' title="bbox 188 1874 1028 1959; baseline 0.005 -23"><span class='ocrx_word' id='word_1_128' title='bbox 188 1897 322 1959; x_wconf 90' lang='lat' dir='ltr'>quorum</span> <span class='ocrx_word' id='word_1_129' title='bbox 332 1875 433 1957; x_wconf 86' lang='lat' dir='ltr'>plures</span> <span class='ocrx_word' id='word_1_130' title='bbox 445 1876 476 1937; x_wconf 89' lang='lat' dir='ltr'>in</span> <span class='ocrx_word' id='word_1_131' title='bbox 491 1899 551 1938; x_wconf 88' lang='lat' dir='ltr'>una</span> <span class='ocrx_word' id='word_1_132' title='bbox 571 1874 672 1958; x_wconf 83' lang='lat' dir='ltr'>aliqua</span> <span class='ocrx_word' id='word_1_133' title='bbox 685 1878 838 1958; x_wconf 88' lang='lat' dir='ltr'>provincia</span> <span class='ocrx_word' id='word_1_134' title='bbox 853 1900 907 1958; x_wconf 92' lang='lat' dir='ltr'>pro</span> <span class='ocrx_word' id='word_1_135' title='bbox 917 1876 1028 1940; x_wconf 86' lang='lat' dir='ltr'>Christi</span> 
     </span>
     <span class='ocr_line' id='line_1_20' title="bbox 146 1960 1027 2044; baseline 0.003 -22"><span class='ocrx_word' id='word_1_136' title='bbox 146 1983 154 2003; x_wconf 74' lang='lat'>=</span> <span class='ocrx_word' id='word_1_137' title='bbox 187 1960 257 2044; x_wconf 89' lang='lat' dir='ltr'>lege</span> <span class='ocrx_word' id='word_1_138' title='bbox 271 1960 449 2044; x_wconf 87' lang='lat' dir='ltr'>supplicium</span> <span class='ocrx_word' id='word_1_139' title='bbox 459 1960 637 2038; x_wconf 78' lang='lat' dir='ltr'>tolerarunt,</span> <span class='ocrx_word' id='word_1_140' title='bbox 653 1984 745 2043; x_wconf 84' lang='lat' dir='ltr'>quarn</span> <span class='ocrx_word' id='word_1_141' title='bbox 760 1984 904 2044; x_wconf 73' lang='lat' dir='ltr'>umquam</span> <span class='ocrx_word' id='word_1_142' title='bbox 914 1961 1027 2043; x_wconf 87' lang='lat' dir='ltr'>Judaei,</span> 
     </span>
     <span class='ocr_line' id='line_1_21' title="bbox 187 2047 1027 2131; baseline 0.004 -24"><span class='ocrx_word' id='word_1_143' title='bbox 187 2067 320 2127; x_wconf 88' lang='lat' dir='ltr'>quorum</span> <span class='ocrx_word' id='word_1_144' title='bbox 345 2047 444 2108; x_wconf 89' lang='lat' dir='ltr'>omnis</span> <span class='ocrx_word' id='word_1_145' title='bbox 471 2047 614 2127; x_wconf 81' lang='lat' dir='ltr'>patientia</span> <span class='ocrx_word' id='word_1_146' title='bbox 638 2048 701 2131; x_wconf 89' lang='lat' dir='ltr'>ejus</span> <span class='ocrx_word' id='word_1_147' title='bbox 730 2048 847 2129; x_wconf 84' lang='lat' dir='ltr'>generis</span> <span class='ocrx_word' id='word_1_148' title='bbox 871 2048 963 2110; x_wconf 86' lang='lat' dir='ltr'>ferme</span> <span class='ocrx_word' id='word_1_149' title='bbox 990 2050 1027 2110; x_wconf 83' lang='lat' dir='ltr'>ad</span> 
     </span>
     <span class='ocr_line' id='line_1_22' title="bbox 187 2127 1044 2213; baseline -0.006 -21"><span class='ocrx_word' id='word_1_150' title='bbox 187 2127 335 2192; x_wconf 80' lang='lat' dir='ltr'>Manassis</span> <span class='ocrx_word' id='word_1_151' title='bbox 358 2130 547 2193; x_wconf 85' lang='lat' dir='ltr'>&amp;Antiochi</span> <span class='ocrx_word' id='word_1_152' title='bbox 569 2146 706 2210; x_wconf 82' lang='lat' dir='ltr'>tempora</span> <span class='ocrx_word' id='word_1_153' title='bbox 724 2131 876 2212; x_wconf 85' lang='lat' dir='ltr'>redigitur.</span> <span class='ocrx_word' id='word_1_154' title='bbox 922 2130 1044 2213; x_wconf 77' lang='lat' dir='ltr'>Qare.</span> 
     </span>
     <span class='ocr_line' id='line_1_23' title="bbox 186 2211 1028 2298; baseline 0.006 -24"><span class='ocrx_word' id='word_1_155' title='bbox 186 2234 261 2275; x_wconf 89' lang='lat' dir='ltr'>curn</span> <span class='ocrx_word' id='word_1_156' title='bbox 273 2211 442 2277; x_wconf 82' lang='lat' dir='ltr'>Christiana</span> <span class='ocrx_word' id='word_1_157' title='bbox 453 2214 587 2298; x_wconf 87' lang='lat' dir='ltr'>Religio,</span> <span class='ocrx_word' id='word_1_158' title='bbox 603 2215 661 2274; x_wconf 84' lang='lat' dir='ltr'>hac</span> <span class='ocrx_word' id='word_1_159' title='bbox 673 2237 795 2296; x_wconf 88' lang='lat' dir='ltr'>quoque</span> <span class='ocrx_word' id='word_1_160' title='bbox 809 2215 840 2275; x_wconf 90' lang='lat' dir='ltr'>in</span> <span class='ocrx_word' id='word_1_161' title='bbox 853 2230 956 2295; x_wconf 82' lang='lat' dir='ltr'>parte,</span> <span class='ocrx_word' id='word_1_162' title='bbox 964 2234 1028 2279; x_wconf 81' lang='lat' dir='ltr'>tam</span> 
     </span>
     <span class='ocr_line' id='line_1_24' title="bbox 184 2296 1027 2374; baseline 0.004 -14"><span class='ocrx_word' id='word_1_163' title='bbox 184 2297 221 2360; x_wconf 84' lang='lat' dir='ltr'>in</span> <span class='ocrx_word' id='word_1_164' title='bbox 234 2298 414 2361; x_wconf 86' lang='lat' dir='ltr'>immensum</span> <span class='ocrx_word' id='word_1_165' title='bbox 427 2313 551 2367; x_wconf 78' lang='lat' dir='ltr'>caeteras</span> <span class='ocrx_word' id='word_1_166' title='bbox 571 2296 713 2374; x_wconf 88' lang='lat' dir='ltr'>excellat,</span> <span class='ocrx_word' id='word_1_167' title='bbox 736 2299 844 2360; x_wconf 88' lang='lat' dir='ltr'>merito</span> <span class='ocrx_word' id='word_1_168' title='bbox 858 2299 924 2363; x_wconf 84' lang='lat' dir='ltr'>aliis</span> <span class='ocrx_word' id='word_1_169' title='bbox 940 2317 1027 2363; x_wconf 88' lang='lat' dir='ltr'>ante-</span> 
     </span>
     <span class='ocr_line' id='line_1_25' title="bbox 186 2382 1026 2465; baseline 0.006 -22"><span class='ocrx_word' id='word_1_170' title='bbox 186 2383 329 2465; x_wconf 85' lang='lat' dir='ltr'>ponenda</span> <span class='ocrx_word' id='word_1_171' title='bbox 355 2382 406 2448; x_wconf 84' lang='lat' dir='ltr'>est.</span> <span class='ocrx_word' id='word_1_172' title='bbox 452 2382 502 2445; x_wconf 87' lang='lat' dir='ltr'>Ex</span> <span class='ocrx_word' id='word_1_173' title='bbox 527 2382 580 2445; x_wconf 84' lang='lat' dir='ltr'>illa</span> <span class='ocrx_word' id='word_1_174' title='bbox 603 2397 688 2444; x_wconf 79' lang='lat' dir='ltr'>tanta</span> <span class='ocrx_word' id='word_1_175' title='bbox 710 2382 904 2447; x_wconf 86' lang='lat' dir='ltr'>multitudine</span> <span class='ocrx_word' id='word_1_176' title='bbox 927 2388 1026 2448; x_wconf 80' lang='lat' dir='ltr'>omnis</span> 
     </span>
     <span class='ocr_line' id='line_1_26' title="bbox 210 2466 1027 2551; baseline 0.005 -22"><span class='ocrx_word' id='word_1_177' title='bbox 210 2466 309 2531; x_wconf 80' lang='lat' dir='ltr'>&#39;eneris</span> <span class='ocrx_word' id='word_1_178' title='bbox 324 2467 466 2551; x_wconf 87' lang='lat' dir='ltr'>sexusque</span> <span class='ocrx_word' id='word_1_179' title='bbox 481 2470 654 2543; x_wconf 90' lang='lat' dir='ltr'>hominum,</span> <span class='ocrx_word' id='word_1_180' title='bbox 681 2483 728 2531; x_wconf 91' lang='lat' dir='ltr'>tot</span> <span class='ocrx_word' id='word_1_181' title='bbox 752 2468 826 2531; x_wconf 90' lang='lat' dir='ltr'>locis</span> <span class='ocrx_word' id='word_1_182' title='bbox 854 2492 890 2531; x_wconf 88' lang='lat' dir='ltr'>ac</span> <span class='ocrx_word' id='word_1_183' title='bbox 912 2471 1027 2533; x_wconf 84' lang='lat' dir='ltr'>saeculis</span> 
     </span>
     <span class='ocr_line' id='line_1_27' title="bbox 162 2487 1028 2635; baseline 0.008 -24"><span class='ocrx_word' id='word_1_184' title='bbox 162 2487 406 2629; x_wconf 54' lang='lat' dir='ltr'>,difflndtorum</span> <span class='ocrx_word' id='word_1_185' title='bbox 458 2554 490 2615; x_wconf 92' lang='lat' dir='ltr'>ui</span> <span class='ocrx_word' id='word_1_186' title='bbox 515 2575 569 2635; x_wconf 90' lang='lat' dir='ltr'>pro</span> <span class='ocrx_word' id='word_1_187' title='bbox 595 2555 654 2615; x_wconf 86' lang='lat' dir='ltr'>hac</span> <span class='ocrx_word' id='word_1_188' title='bbox 678 2552 839 2635; x_wconf 88' lang='lat' dir='ltr'>Religione</span> <span class='ocrx_word' id='word_1_189' title='bbox 861 2556 939 2616; x_wconf 90' lang='lat' dir='ltr'>mori</span> <span class='ocrx_word' id='word_1_190' title='bbox 963 2578 1028 2619; x_wconf 89' lang='lat' dir='ltr'>non</span> 
     </span>
     <span class='ocr_line' id='line_1_28' title="bbox 184 2576 1028 2724; baseline 0.009 -27"><span class='ocrx_word' id='word_1_191' title='bbox 184 2633 373 2715; x_wconf 83' lang='lat' dir='ltr'>dubitarunt,</span> <span class='ocrx_word' id='word_1_192' title='bbox 395 2576 613 2723; x_wconf 87' lang='lat' dir='ltr'>colligendum,</span> <span class='ocrx_word' id='word_1_193' title='bbox 636 2658 780 2723; x_wconf 82' lang='lat' dir='ltr'>magnam</span> <span class='ocrx_word' id='word_1_194' title='bbox 791 2638 923 2724; x_wconf 87' lang='lat' dir='ltr'>aliquam</span> <span class='ocrx_word' id='word_1_195' title='bbox 934 2654 1028 2705; x_wconf 79' lang='lat' dir='ltr'>tantae</span> 
     </span>
    </p>
   </div>
   <div class='ocr_carea' id='block_1_3' title="bbox 183 2832 1038 3473">
    <p class='ocr_par' dir='ltr' id='par_1_3' title="bbox 183 2832 1038 3473">
     <span class='ocr_line' id='line_1_29' title="bbox 221 2832 1027 2898; baseline 0.007 -19"><span class='ocrx_word' id='word_1_196' title='bbox 221 2832 306 2879; x_wconf 53' lang='lat' dir='ltr'>114ae</span> <span class='ocrx_word' id='word_1_197' title='bbox 321 2850 402 2880; x_wconf 79' lang='lat' dir='ltr'>numero</span> <span class='ocrx_word' id='word_1_198' title='bbox 415 2850 484 2881; x_wconf 81' lang='lat' dir='ltr'>eorum</span> <span class='ocrx_word' id='word_1_199' title='bbox 499 2834 593 2897; x_wconf 76' lang='lat' dir='ltr'>quicum</span> <span class='ocrx_word' id='word_1_200' title='bbox 626 2833 727 2896; x_wconf 72' lang='lat' dir='ltr'>persocia,</span> <span class='ocrx_word' id='word_1_201' title='bbox 753 2839 775 2883; x_wconf 69' lang='lat' dir='ltr'>u</span> <span class='ocrx_word' id='word_1_202' title='bbox 794 2834 974 2898; x_wconf 80' lang='lat' dir='ltr'>Mesopotamia:</span> <span class='ocrx_word' id='word_1_203' title='bbox 1003 2838 1027 2885; x_wconf 85' lang='lat' dir='ltr'>in</span> 
     </span>
     <span class='ocr_line' id='line_1_30' title="bbox 185 2891 1026 2962; baseline 0.004 -18"><span class='ocrx_word' id='word_1_204' title='bbox 185 2891 213 2944; x_wconf 71' lang='lat' dir='ltr'>ob</span> <span class='ocrx_word' id='word_1_205' title='bbox 228 2895 312 2959; x_wconf 84' lang='lat' dir='ltr'>causam</span> <span class='ocrx_word' id='word_1_206' title='bbox 320 2896 449 2962; x_wconf 73' lang='lat' dir='ltr'>supplicium</span> <span class='ocrx_word' id='word_1_207' title='bbox 465 2898 591 2955; x_wconf 77' lang='lat' dir='ltr'>tolerarunt,</span> <span class='ocrx_word' id='word_1_208' title='bbox 625 2897 733 2960; x_wconf 78' lang='lat' dir='ltr'>Phrygia,</span> <span class='ocrx_word' id='word_1_209' title='bbox 754 2900 777 2945; x_wconf 90' lang='lat' dir='ltr'>in</span> <span class='ocrx_word' id='word_1_210' title='bbox 797 2901 871 2948; x_wconf 84' lang='lat' dir='ltr'>Ponto</span> <span class='ocrx_word' id='word_1_211' title='bbox 890 2902 930 2946; x_wconf 91' lang='lat' dir='ltr'>sub</span> <span class='ocrx_word' id='word_1_212' title='bbox 948 2902 1026 2947; x_wconf 79' lang='lat' dir='ltr'>Maxi-</span> 
     </span>
     <span class='ocr_line' id='line_1_31' title="bbox 185 2956 1027 3025; baseline 0.004 -17"><span class='ocrx_word' id='word_1_213' title='bbox 185 2956 218 3008; x_wconf 73' lang='lat'><em>&amp;</em></span> <span class='ocrx_word' id='word_1_214' title='bbox 233 2971 316 3007; x_wconf 81' lang='lat' dir='ltr'>tantum</span> <span class='ocrx_word' id='word_1_215' title='bbox 333 2962 356 3006; x_wconf 85' lang='lat' dir='ltr'>in</span> <span class='ocrx_word' id='word_1_216' title='bbox 374 2961 591 3025; x_wconf 76' lang='lat' dir='ltr'>cumulumrecensen-</span> <span class='ocrx_word' id='word_1_217' title='bbox 624 2962 702 3010; x_wconf 72' lang='lat' dir='ltr'>minoe</span> <span class='ocrx_word' id='word_1_218' title='bbox 728 2965 878 3023; x_wconf 80' lang='lat' dir='ltr'>Nicomediae,</span> <span class='ocrx_word' id='word_1_219' title='bbox 899 2965 923 3009; x_wconf 90' lang='lat' dir='ltr'>in</span> <span class='ocrx_word' id='word_1_220' title='bbox 941 2967 1027 3011; x_wconf 88' lang='lat' dir='ltr'>Numi·</span> 
     </span>
     <span class='ocr_line' id='line_1_32' title="bbox 185 3020 1027 3089; baseline 0.002 -18"><span class='ocrx_word' id='word_1_221' title='bbox 185 3020 247 3085; x_wconf 67' lang='lat' dir='ltr'>tun]</span> <span class='ocrx_word' id='word_1_222' title='bbox 266 3026 299 3070; x_wconf 91' lang='lat' dir='ltr'>Ut</span> <span class='ocrx_word' id='word_1_223' title='bbox 311 3024 384 3070; x_wconf 83' lang='lat' dir='ltr'>Massa</span> <span class='ocrx_word' id='word_1_224' title='bbox 396 3026 490 3072; x_wconf 81' lang='lat' dir='ltr'>candida</span> <span class='ocrx_word' id='word_1_225' title='bbox 501 3035 591 3073; x_wconf 86' lang='lat' dir='ltr'>trecen-</span> <span class='ocrx_word' id='word_1_226' title='bbox 623 3027 669 3085; x_wconf 83' lang='lat' dir='ltr'>dia,</span> <span class='ocrx_word' id='word_1_227' title='bbox 686 3028 778 3086; x_wconf 82' lang='lat' dir='ltr'>Romae,</span> <span class='ocrx_word' id='word_1_228' title='bbox 796 3027 820 3073; x_wconf 90' lang='lat' dir='ltr'>in</span> <span class='ocrx_word' id='word_1_229' title='bbox 829 3025 958 3084; x_wconf 81' lang='lat' dir='ltr'>Thebaide,</span> <span class='ocrx_word' id='word_1_230' title='bbox 976 3030 1027 3089; x_wconf 89' lang='lat' dir='ltr'>Ty-</span> 
     </span>
     <span class='ocr_line' id='line_1_33' title="bbox 184 3086 1025 3152; baseline 0.004 -17"><span class='ocrx_word' id='word_1_231' title='bbox 184 3096 264 3135; x_wconf 81' lang='lat' dir='ltr'>torum</span> <span class='ocrx_word' id='word_1_232' title='bbox 272 3086 418 3148; x_wconf 73' lang='lat' dir='ltr'>Carthagine,</span> <span class='ocrx_word' id='word_1_233' title='bbox 434 3105 531 3151; x_wconf 87' lang='lat' dir='ltr'>quorum</span> <span class='ocrx_word' id='word_1_234' title='bbox 540 3105 591 3135; x_wconf 85' lang='lat' dir='ltr'>me·</span> <span class='ocrx_word' id='word_1_235' title='bbox 623 3106 658 3150; x_wconf 86' lang='lat' dir='ltr'>ro,</span> <span class='ocrx_word' id='word_1_236' title='bbox 681 3091 788 3139; x_wconf 83' lang='lat' dir='ltr'>Treveris</span> <span class='ocrx_word' id='word_1_237' title='bbox 806 3090 1025 3152; x_wconf 47' lang='lat' dir='ltr'>subaDiocletianot</span> 
     </span>
     <span class='ocr_line' id='line_1_34' title="bbox 183 3150 1025 3214; baseline 0 -14"><span class='ocrx_word' id='word_1_238' title='bbox 183 3150 295 3200; x_wconf 76' lang='lat' dir='ltr'>morlain</span> <span class='ocrx_word' id='word_1_239' title='bbox 306 3152 473 3214; x_wconf 81' lang='lat' dir='ltr'>Martyrologio</span> <span class='ocrx_word' id='word_1_240' title='bbox 484 3154 592 3201; x_wconf 82' lang='lat' dir='ltr'>Romano</span> <span class='ocrx_word' id='word_1_241' title='bbox 623 3156 648 3201; x_wconf 88' lang='lat' dir='ltr'>in</span> <span class='ocrx_word' id='word_1_242' title='bbox 661 3155 747 3201; x_wconf 86' lang='lat' dir='ltr'>Perside</span> <span class='ocrx_word' id='word_1_243' title='bbox 760 3155 799 3202; x_wconf 80' lang='lat' dir='ltr'>sub</span> <span class='ocrx_word' id='word_1_244' title='bbox 810 3156 909 3212; x_wconf 82' lang='lat' dir='ltr'>Cabada,</span> <span class='ocrx_word' id='word_1_245' title='bbox 927 3153 1025 3213; x_wconf 68' lang='lat' dir='ltr'>Saporee</span> 
     </span>
     <span class='ocr_line' id='line_1_35' title="bbox 184 3216 1038 3280; baseline 0.002 -18"><span class='ocrx_word' id='word_1_246' title='bbox 184 3229 256 3280; x_wconf 71' lang='lat' dir='ltr'>my.</span> <span class='ocrx_word' id='word_1_247' title='bbox 285 3217 398 3274; x_wconf 78' lang='lat' dir='ltr'>Augusti:</span> <span class='ocrx_word' id='word_1_248' title='bbox 417 3216 514 3263; x_wconf 85' lang='lat' dir='ltr'>Plurimi</span> <span class='ocrx_word' id='word_1_249' title='bbox 522 3218 546 3264; x_wconf 91' lang='lat' dir='ltr'>in</span> <span class='ocrx_word' id='word_1_250' title='bbox 553 3220 590 3263; x_wconf 76' lang='lat' dir='ltr'>A·</span> <span class='ocrx_word' id='word_1_251' title='bbox 623 3233 721 3279; x_wconf 85' lang='lat' dir='ltr'>quorum</span> <span class='ocrx_word' id='word_1_252' title='bbox 739 3219 784 3265; x_wconf 74' lang='lat' dir='ltr'>sine</span> <span class='ocrx_word' id='word_1_253' title='bbox 796 3219 927 3266; x_wconf 73' lang='lat' dir='ltr'>nominibus</span> <span class='ocrx_word' id='word_1_254' title='bbox 939 3219 1038 3270; x_wconf 81' lang='lat' dir='ltr'>mentio·</span> 
     </span>
     <span class='ocr_line' id='line_1_36' title="bbox 183 3277 835 3346; baseline 0.014 -23"><span class='ocrx_word' id='word_1_255' title='bbox 183 3277 243 3324; x_wconf 80' lang='lat' dir='ltr'>frica</span> <span class='ocrx_word' id='word_1_256' title='bbox 251 3278 291 3323; x_wconf 87' lang='lat' dir='ltr'>sub</span> <span class='ocrx_word' id='word_1_257' title='bbox 299 3281 395 3327; x_wconf 73' lang='lat' dir='ltr'>Severoz</span> <span class='ocrx_word' id='word_1_258' title='bbox 408 3277 448 3326; x_wconf 89' lang='lat' dir='ltr'>sub</span> <span class='ocrx_word' id='word_1_259' title='bbox 455 3280 590 3340; x_wconf 84' lang='lat' dir='ltr'>Valeriano,</span> <span class='ocrx_word' id='word_1_260' title='bbox 624 3282 649 3328; x_wconf 90' lang='lat' dir='ltr'>in</span> <span class='ocrx_word' id='word_1_261' title='bbox 659 3282 835 3346; x_wconf 79' lang='lat' dir='ltr'>Martyrologio·</span> 
     </span>
     <span class='ocr_line' id='line_1_37' title="bbox 183 3342 928 3473; baseline 0.009 -83"><span class='ocrx_word' id='word_1_262' title='bbox 183 3342 320 3397; x_wconf 67' lang='lat' dir='ltr'>Antiochia</span> <span class='ocrx_word' id='word_1_263' title='bbox 335 3349 359 3392; x_wconf 72' lang='grc' dir='ltr'>δε</span> <span class='ocrx_word' id='word_1_264' title='bbox 374 3344 402 3393; x_wconf 82' lang='lat' dir='ltr'>iu</span> <span class='ocrx_word' id='word_1_265' title='bbox 412 3344 507 3410; x_wconf 70' lang='lat' dir='ltr'>Arabia,</span> <span class='ocrx_word' id='word_1_266' title='bbox 529 3346 600 3473; x_wconf 59' lang='lat'>0³91}</span> <span class='ocrx_word' id='word_1_267' title='bbox 925 3382 928 3389; x_wconf 84' lang='lat'><em>·</em></span> 
     </span>
    </p>
   </div>
   <div class='ocr_carea' id='block_1_4' title="bbox 0 0 1168 4050">
    <p class='ocr_par' dir='ltr' id='par_1_4' title="bbox 0 0 1168 4050">
     <span class='ocr_line' id='line_1_38' title="bbox 0 0 1168 4050; baseline 0 1"><span class='ocrx_word' id='word_1_268' title='bbox 0 0 1168 4050; x_wconf 95' lang='lat' dir='ltr'> </span> 
     </span>
    </p>
   </div>
  </div>
 </body>
</html>
