2325 4050
184 265 225 314 ro
319 245 361 309 H.
386 244 878 318 Gnorrusanrnrr.

182 361 295 446 Neque
309 382 382 426 vero
399 360 516 446 singula
528 377 649 425 tantum
671 364 709 426 ad
730 362 911 445 peculiarem
933 355 1022 437 suum

183 446 277 511 finem
287 447 475 523 ordinantur,
498 448 545 510 sed
560 447 591 510 dt
605 448 648 510 ad·
657 448 852 511 communem
862 447 1022 526 Univers13

186 549 221 596 ut
229 549 350 616 apparet
361 534 393 596 in
404 553 494 615 aqua,
514 540 528 580 ⁹
540 555 611 616 quae
621 548 727 596 contra
737 547 876 595 naturam
886 532 937 596 fibi
949 556 1023 615 pro·

187 619 282 699 priam
296 618 408 681 sursum
422 632 573 693 movetur,
595 639 635 680 ne
659 619 742 680 inani
766 616 939 700 interposito
958 618 1024 682 hiet

187 700 326 765 Universr
337 722 512 786 compages,
534 703 576 764 ita
587 702 677 780 faeta,
702 703 886 765 utcontinua
893 704 1024 785 partium

188 786 355 850 cohaesrone
377 787 469 848 semet
483 785 630 850 sustineat.
668 787 757 850 Finis
772 801 874 850 autem
888 789 938 851 hic
954 790 1024 851 uni·

189 870 307 934 versalia
321 871 448 947 intendi,
471 871 559 934 &vis
574 872 612 933 ad
627 894 698 935 eum
719 871 812 935 finem
830 874 914 935 inseri
934 874 1025 936 rebus

189 976 253 1018 non
275 957 387 1037 potuit,
414 955 468 1019 nisr
488 955 525 1018 ab
546 955 715 1033 intellediu,
744 959 793 1021 cui
818 955 941 1021 subesset
964 960 1026 1021 hoc

190 1039 383 1104 Universum.
427 1039 560 1123 Quin&
581 1041 741 1105 bestiarum
762 1042 920 1106 nonnullae
942 1043 1027 1106 adius

190 1141 335 1189 exercent
355 1127 398 1189 ita
418 1126 571 1190 ordinatos
586 1141 677 1210 atque
691 1127 830 1204 diredtos,
852 1144 886 1191 ut
900 1129 1028 1193 omnino

191 1230 245 1274 eoa
259 1225 400 1293 appareat
419 1211 437 1274 ὲ
457 1212 572 1275 ratione
595 1211 697 1295 aliqua
710 1210 867 1294 proficisci:
889 1214 972 1297 quod
995 1214 1028 1277 in

192 1296 338 1374 formicis,
354 1296 500 1379 &apibus
511 1298 643 1360 maxime
654 1312 795 1379 apparet3
818 1298 865 1361 sed
878 1298 950 1361 &in
962 1297 1028 1361 aliis

192 1382 381 1465 quibusdam,
411 1404 480 1466 quae
502 1397 572 1445 ante
598 1402 689 1444 omne
711 1383 953 1465 experimentum
974 1398 1030 1446 aut

193 1470 332 1530 nocitura
353 1468 487 1552 fugiunt,
509 1484 562 1530 aut
583 1467 740 1548 profutura
757 1483 907 1550 quaerunt.
951 1466 1030 1531 Non

196 1550 261 1632 ipsis
274 1550 362 1614 inesse
372 1553 435 1614 vim
446 1555 504 1614 hoc
516 1567 570 1614 aut
583 1552 753 1614 inveniendi
769 1567 822 1615 aut
837 1553 1030 1639 dijudicandi,

196 1637 264 1697 inde
278 1651 411 1718 apparet,
433 1638 515 1720 quod
537 1637 652 1718 semper
665 1653 761 1721 agunt
773 1636 976 1715 consimiliter,
1001 1639 1032 1702 δε

197 1719 311 1781 adalia
333 1722 509 1803 neutiquam
532 1722 669 1806 graviora
691 1721 765 1783 nihil
784 1722 908 1785 valent:
937 1744 1032 1807 quare

199 1803 264 1866 'ab
289 1805 454 1868 extrinseca
479 1808 594 1869 ratione
616 1807 691 1888 ipsas
714 1823 767 1869 aut
789 1808 948 1892 dirigente,
978 1810 1033 1872 aut

196 1889 361 1953 efficaciam
383 1890 466 1953 suam
487 1889 554 1972 ipsis
571 1892 774 1972 imprimente,
795 1891 908 1956 necesse
922 1892 965 1954 est
979 1893 1034 1955 ista

197 1974 357 2060 proficisci:
379 1998 448 2060 quae
462 1975 583 2060 quidem
599 1977 675 2039 ratio
689 1998 753 2039 non
767 1977 848 2041 aliud
862 1977 917 2056 est,
939 2001 1034 2062 quam

197 2062 278 2146 quod
293 2058 380 2126 Deua
394 2077 528 2127 vocatur.
572 2060 645 2144 Jam
663 2083 735 2125 vero
757 2062 890 2127 coelestia
910 2085 1045 2149 quoque

199 2192 600 2322 ,.t,³ittsttt¹tz“ti,¹ztf
631 2193 1035 2323 sirerssssffitf‘dsssssdi

199 2325 243 2370 tiu
265 2324 417 2386 Philosophia,
445 2342 496 2384 quie
518 2340 601 2384 aquam
632 2340 667 2371 res
687 2326 731 2372 effe
752 2327 849 2384 ordines,
876 2340 973 2386 quorum
996 2326 1036 2372 in·

200 2396 263 2434 metu
276 2390 341 2434 virui
353 2405 391 2450 per
411 2391 492 2435 annin
509 2389 599 2435 adscen·
632 2388 682 2435 fimi
703 2390 746 2436 sint
764 2390 788 2436 in
805 2389 935 2450 corporibus
949 2390 1035 2437 Bruto·
1049 2427 1062 2447 ,

200 2456 251 2499 dere
271 2453 398 2515 statuebam
426 2455 484 2515 quod
504 2456 601 2514 pondere
633 2468 693 2500 rum.
712 2453 1037 2501 NemBrutanachinaaefl'e

202 2517 258 2564 a'c'ria
280 2517 329 2564 fieri
350 2520 399 2581 jam
417 2519 522 2565 omnibus
544 2533 600 2564 cou-
633 2533 696 2564 mne
716 2533 844 2578 corporeas,
871 2520 931 2579 quod
959 2518 1036 2565 voluit

202 2583 253 2629 dat.
287 2584 329 2629 Sed
341 2584 364 2629 in
382 2584 500 2643 gravitate,
518 2597 600 2642 quern-
633 2583 689 2629 Rea.
703 2582 814 2646 Genesar,
830 2597 908 2642 nemo,
924 2575 952 2627 ut
969 2593 1041 2643 puto,

201 2648 324 2695 admodum
342 2645 355 2694 d
371 2647 544 2694 Recentiorihus
561 2660 602 2691 ex·
634 2644 690 2692 serio
705 2648 807 2695 credidit.
825 2648 868 2691 Sed
880 2646 933 2708 quid
945 2646 982 2705 fit,
999 2645 1038 2694 iu·

203 2711 308 2772 pliratur,
323 2726 369 2759 non
382 2713 461 2757 minua
478 2710 532 2756 ordo
542 2710 602 2754 Uni·
635 2712 706 2770 quies,
723 2711 751 2760 iia
765 2712 895 2770 animabus,
909 2725 964 2757 eum
977 2712 1041 2758 Bru.

203 2775 268 2833 versr,
298 2781 320 2823 de
338 2776 470 2823 Conditoria
495 2774 603 2834 sapientia
634 2783 658 2819 ta
674 2778 820 2824 moriuntur?
837 2775 864 2821 ld
881 2789 938 2822 vem
953 2775 1042 2836 nescio,

202 2837 301 2888 eiueent.
334 2840 431 2888 Clericus.
635 2852 676 2884 nee
687 2836 805 2903 propterea
815 2841 991 2887 ministerum
1010 2840 1042 2888 iia

238 2900 539 2971 rabaninsecararione]
552 2903 604 2950 Ima
636 2904 724 2957 animas
751 2905 827 2951 inesse.
871 2903 928 2950 Non
953 2903 1043 2953 necesse

201 2983 258 3017 vero
270 2970 331 3017 fiunt
348 2971 377 3017 ab
395 2969 441 3032 ipsa
456 2971 532 3018 anima
544 2968 604 3014 Bru·
637 2968 669 3014 est
686 2983 728 3017 noa
744 2971 822 3016 omnia
836 2966 900 3026 seire,
916 2982 959 3015 nee
970 2983 1040 3031 prop·

202 3044 290 3095 torum,
315 3051 366 3100 quae
385 3048 478 3084 eatenus
494 3034 555 3081 saeta
573 3033 606 3080 est
637 3043 699 3079 terea
719 3034 821 3094 neganda
841 3030 896 3080 suut
914 3046 953 3091 ea,
980 3047 1040 3094 quo·

204 3101 310 3150 Rationis
344 3101 463 3164 particeps,
496 3109 524 3146 ut
550 3097 606 3145 talia
637 3112 689 3143 rum
724 3099 837 3146 rationem
870 3096 961 3143 reddere
992 3109 1043 3146 non

203 3164 276 3214 serere
287 3166 377 3231 posimt,
395 3164 501 3213 nonalia.
534 3162 604 3210 Atio·
636 3159 760 3223 pod'omua.
792 3161 904 3209 Teaeuda
927 3159 980 3209 sant
1000 3176 1040 3223 ee,

204 3232 241 3293 qui
253 3234 315 3281 Deua
326 3231 371 3295 ipse
382 3235 406 3277 in
417 3232 444 3278 iia
454 3231 504 3277 rice
511 3228 605 3276 Animae
636 3228 664 3275 de
682 3225 764 3287 quitus
781 3226 878 3283 coastat,
895 3233 1043 3287 atqueaequo

204 3308 287 3357 aguet,
319 3297 378 3361 quod
405 3291 605 3360 vix·persuaderi
636 3290 714 3339 animo
745 3290 799 3340 sunt
824 3288 958 3351 ignoranda,
971 3353 975 3360 ι
989 3303 1044 3354 qaae

203 3364 330 3416 adcuratiua
357 3358 536 3428 philosophanti·
551 3354 603 3421 pos·
635 3354 692 3408 seire
710 3349 904 3421 lon'pdfflmut.
922 3353 1043 3486 'ffiricim
