2325 4050
199 302 262 364 124
334 281 624 349 H.Gnorius
650 281 896 346 naVsair.

194 423 256 485 cet,
278 405 442 490 legumque
457 405 487 468 δι
502 417 661 486 parentum
672 404 850 467 austoritate
861 402 1036 470 confirmati

191 495 226 555 in
249 493 335 554 sacris
358 491 527 574 Paganicis,
557 503 610 551 aut
632 489 768 570 Judaicis
789 489 906 552 ritibus.
953 491 1037 553 Huic

191 575 347 639 obstaculo
369 574 529 637 accedebat
551 595 616 638 non
635 577 735 636 minus
750 575 896 648 alterum;
921 577 1037 660 gravis.-

191 661 276 735 sima,
299 661 421 734 scilicet,
443 655 537 734 mala,
568 681 637 741 quae
661 659 918 722 Christianismum
945 660 1034 722 susci-

190 746 353 827 pientibus,
376 766 444 805 eam
458 745 498 807 ob
512 743 644 819 causam,
667 743 787 806 ferenda
802 758 855 805 aut
868 746 1033 808 metuenda

189 829 353 892 constabat.
399 826 482 890 Cum
497 829 578 889 enim
600 827 618 888 a
637 827 725 890 malis
747 828 858 892 talibus
873 828 1033 894 abhorreat

188 916 322 977 humana
336 928 443 976 natura
450 938 460 987 ;
484 913 628 995 sequitur,
651 928 697 988 ut,
719 936 790 996 quae
809 935 916 977 eorum
932 914 1033 977 malo·

186 1020 257 1060 rum
271 998 367 1061 causae
382 999 463 1074 sunt,
484 1019 547 1060 non
561 995 616 1059 nisi
638 997 813 1071 difficillime
834 994 1030 1079 recipiantur.

187 1082 363 1144 Honoribus
385 1083 563 1144 arcebantur
582 1081 633 1142 diu
649 1079 822 1159 Christiani,
845 1082 1032 1148 accesserunt

185 1167 322 1243 mulctae,
357 1167 385 1229 ἃ
412 1167 563 1228 bonorum
589 1166 819 1247 publicationes,
850 1167 882 1230 δι
909 1168 1030 1234 exsilia:

183 1253 233 1319 sed
253 1251 332 1314 levia
353 1253 437 1325 haee,
461 1250 682 1312 damnabantur
696 1252 733 1313 ad
747 1251 887 1313 metalla:
910 1253 948 1316 iis
964 1256 1031 1316 affi-

183 1338 341 1400 ciebantur
352 1337 522 1411 tormentis,
544 1335 653 1418 quibus
665 1336 832 1399 crudeliora
843 1336 930 1400 nulla
941 1361 1029 1422 repe-

183 1423 235 1486 riri
251 1436 405 1505 poterant:
428 1420 571 1502 supplicia
585 1443 658 1482 vero
673 1421 710 1483 ad
724 1436 855 1484 mortem
878 1437 945 1487 tam
969 1426 1029 1489 sre-

183 1509 320 1590 quentia,
345 1523 379 1570 ut
400 1504 544 1568 testentur
565 1504 687 1573 illorum
709 1522 881 1587 temporum
901 1509 1029 1592 scripto-

181 1614 243 1668 res,
265 1592 349 1654 nulla
361 1593 452 1667 same,
473 1588 558 1653 nulla
570 1587 747 1670 pestilentia,
769 1590 856 1653 nullo
864 1592 948 1654 bello
959 1594 1027 1675 plus

182 1679 344 1741 hominum
361 1698 423 1738 uno
436 1691 570 1755 tempore
584 1674 785 1758 absumptum.
830 1674 902 1739 Nec
916 1677 1028 1764 vulga.

183 1764 227 1822 ria
256 1778 350 1824 erant
366 1761 510 1823 mortium
536 1780 660 1842 genera,
696 1759 744 1821 sed
768 1760 1027 1840 9vivicomburia,

181 1864 301 1922 eruces,
323 1860 414 1928 atque
427 1844 458 1906 id
474 1865 569 1927 genus
593 1864 705 1924 poenae,
750 1867 797 1905 uae
812 1843 872 1909 fine
888 1849 1027 1912 maximo
1071 1870 1074 1875 ’

182 1932 307 1993 horrore
329 1931 390 2015 legi
404 1944 456 1990 aut
471 1928 598 2012 cogitari
612 1951 676 1991 non
691 1867 827 2010 poll'unt:
851 1945 943 2014 atque
958 1933 1026 1995 haec

183 2017 305 2092 saevitia,
328 2038 397 2099 quae
419 2037 481 2076 non
504 2013 603 2097 longis
623 2012 801 2095 interpositis
823 2014 1023 2099 spiramentis,

184 2102 213 2164 bt
226 2103 271 2163 his
281 2100 347 2184 ipsis
359 2122 421 2163 non
433 2100 557 2181 ubique,
580 2098 617 2159 ad
629 2098 821 2166 Constantini
836 2101 930 2167 ferme
943 2117 1025 2170 tem.

184 2209 257 2268 pora
271 2187 302 2248 in
318 2186 389 2254 orbe
401 2185 556 2260 Romano,
579 2183 649 2245 alibi
661 2184 782 2267 longius
794 2184 924 2262 duravit,
948 2188 1025 2252 adeo

183 2292 235 2333 ens
248 2293 311 2333 nori
322 2271 485 2345 imminuit,
509 2283 661 2337 utcontra
673 2268 790 2352 sanguis
802 2291 909 2331 eorum
921 2272 1025 2336 semen

183 2354 240 2416 esse
268 2355 431 2415 diceretur:
468 2356 510 2417 ita
538 2352 634 2416 recisis
659 2353 758 2434 plures
789 2354 1022 2420 succrescebant.

183 2439 404 2518 Comparemus
419 2439 468 2499 hic
480 2461 602 2522 quoque
614 2460 684 2500 eum
696 2437 919 2502 Christianismo
934 2440 1022 2503 Reli-

184 2527 288 2607 giones
304 2524 387 2583 alias.
432 2521 548 2598 Graeci,
572 2522 744 2607 Paganique
759 2525 860 2586 caeteri
874 2523 953 2586 soliti
971 2526 1021 2590 sua

183 2610 215 2672 iii
228 2610 323 2692 majus
336 2607 484 2682 attollere,
506 2627 618 2688 paucos
630 2623 802 2684 numerant,
823 2602 884 2690 qui
892 2609 1020 2694 dogma·

183 2694 221 2755 tis
246 2694 333 2753 causa
358 2708 488 2754 mortem
513 2691 717 2768 toleraverint,
749 2692 1021 2778 Gymnosophistas

184 2776 313 2858 aliquos,
337 2774 503 2850 Socratem,
526 2776 607 2835 haud
629 2776 728 2839 multo
750 2777 866 2859 plures:
900 2779 947 2840 sed
973 2781 1019 2842 his

183 2861 252 2921 viris
268 2860 420 2924 notissimis
435 2860 508 2941 quin
521 2859 621 2942 aliqua
632 2860 719 2922 inesle
735 2858 866 2943 potuerit
876 2862 967 2927 samae
983 2865 1020 2926 ad

183 2944 384 3029 posteritatem
406 2944 638 3009 transmittendae
662 2948 820 3028 cupiditas,
846 2948 898 3010 vix
921 2947 1021 3013 estut

216 3137 229 3181 9
243 3118 411 3168 tta-irmburia.
427 3133 502 3171 cruces,
519 3128 585 3180 atque
615 3116 684 3176 poeiiis
696 3118 755 3165 affici
769 3118 875 3167 deberent
885 3115 1017 3175 Christiani,

182 3185 205 3232 :kt
219 3202 284 3246 griis
298 3183 391 3247 forum]
409 3182 525 3229 Domitius
536 3180 581 3225 Ul·
615 3180 747 3229 Lactantius
755 3183 861 3242 meminit
869 3181 928 3230 libro
935 3198 961 3233 v,
978 3198 1017 3232 ea.

183 3253 261 3309 planus
275 3247 354 3297 nobilis
366 3244 541 3313 jurisconsultus
552 3243 581 3289 li·
615 3243 661 3305 pite
676 3259 714 3295 11·

181 3316 232 3361 bros
260 3313 345 3375 septem
369 3310 462 3375 scripsit,
494 3308 599 3372 Qibus'

879 3386 1017 3461 negetur.
