2325 4050
197 294 282 381 ‘m
355 311 645 380 H.G1'orros
670 336 724 381 on
749 317 913 384 Venit.

202 431 450 517 ·.spars1quidem,
473 431 523 493 fed
542 453 621 516 gens
645 457 717 512 una,
740 459 797 500 nec
819 438 883 518 post
897 437 1057 507 Christum

202 542 320 588 ‚eorum
334 517 455 601 Religio
476 515 538 579 ulla
559 521 676 606 accepit
691 522 834 588 notabilia
848 526 1055 591 incrementa:

212 606 277 667 imo
291 605 341 666 lex
354 604 484 685 ipsorum
499 605 597 691 magis
611 605 873 692 perChristianos,
894 633 990 692 quam
1004 635 1057 694 per

211 691 289 772 ipsos
304 688 446 751 innotuit.
477 686 734 754 Mahurnetismus
749 694 814 756 satis
827 695 942 760 multas
958 685 1052 760 terras

210 775 328 851 infidet,
352 773 484 835 sednon
507 773 596 837 solus.
640 776 725 842 Nam
746 801 798 860 per
817 781 934 842 easdem
959 796 1052 846 terras
1077 811 1080 815 ·

209 860 320 924 colitu'r
342 859 372 920 δι
395 857 565 925 Christiana
589 859 723 945 Religio,
747 864 895 946 aliquibus
919 867 951 927 in
976 867 1051 931 locis

207 966 337 1009 numero
350 945 479 1028 majore:
503 965 576 1007 cum
602 962 708 1008 contra
733 948 961 1014 Mahumetistae
988 975 1050 1013 non

198 1029 399 1178 ¹gie-periandri
411 1028 444 1095 in
465 1028 599 1114 partibus
621 1031 778 1117 plerisque,
801 1035 853 1097 ubi
875 1036 943 1100 sunt
958 1035 1050 1101 Chri·

234 1136 305 1180 lam,

198 1285 385 1373 Confidam
395 1285 562 1374 infirmitate
572 1287 790 1372 acsmplicitate
798 1311 903 1367 eorum,
925 1290 977 1376 qui
987 1314 1046 1355 eam

393 1372 501 1457 primis
514 1372 681 1456 temporibus
695 1375 852 1437 docuerunt.

248 1503 390 1587 Sequitur
403 1501 434 1568 δι
447 1504 508 1566 hoc
522 1502 690 1577 videamus,
712 1501 821 1585 quibus
843 1500 1049 1568 instrumentis

204 1585 370 1674 progrellus
380 1587 490 1649 fecerit
500 1585 671 1651 Christiana
686 1584 821 1670 Religio,
845 1601 879 1649 ut
894 1589 954 1650 hac
968 1613 1048 1672 quo-

203 1697 264 1757 que
283 1687 367 1755 parte
389 1693 461 1736 cum
484 1671 549 1734 aliis
576 1671 786 1733 contendatur.
832 1669 982 1736 Videmus
1004 1677 1056 1737 'ita'

203 1758 359 1844 plerosque
374 1757 512 1820 homines
535 1771 726 1836 comparatos
748 1753 804 1819 effe
827 1770 861 1818 ut
885 1779 995 1842 regum
1019 1761 1049 1822 δι

203 1852 365 1926 potentum
379 1840 518 1921 exempla
534 1839 622 1904 facile
637 1841 813 1924 sequentum
838 1863 936 1924 eoque
947 1846 1046 1929 magis

199 1928 226 1991 fi
247 1929 298 1996 lex
317 1927 409 1989 etiam
423 1926 453 1989 δι
465 1925 585 1989 coadlio
595 1923 681 1988 adsit.
728 1926 810 1995 Hinc
824 1925 1046 2012 Paganicarum

111 2053 114 2057 ·
205 2013 276 2082 Reli
298 2013 416 2088 ionum,
438 2011 510 2076 hin'c
524 2007 746 2076 Mahumeticae
759 2011 956 2077 incrementa.
1002 2015 1047 2077 At

204 2102 258 2183 qui
265 2036 472 2164 (ihristianam
480 2095 676 2185 Religionem
686 2097 774 2179 primi
784 2096 966 2175 docuerunt,
980 2122 1046 2162 non

203 2187 299 2249 modo
321 2184 381 2252 sane
402 2183 528 2266 imperio
550 2184 634 2244 omni
649 2182 783 2257 fuerunt,
806 2182 853 2244 sed
868 2182 1047 2248 &fortunae

204 2271 341 2345 humilis,
364 2269 534 2351 piscatores,
557 2282 704 2342 textores,
719 2265 923 2350 &fiquidhis
939 2267 1045 2333 simile.

204 2356 248 2421 Et
261 2358 373 2420 horum
386 2368 489 2439 tameo
503 2374 595 2435 opera
617 2351 729 2436 dogma
750 2350 824 2415 illud
847 2353 926 2416 intra
948 2375 1044 2416 annm

201 2440 342 2525 triginta,
363 2453 417 2500 aut
440 2438 570 2514 circiter,
601 2436 694 2498 ‘non
717 2452 838 2499 tantum
862 2449 915 2518 per
938 2460 1045 2502 omnes

205 2525 340 2589 Romani
355 2523 471 2608 imperii
485 2537 597 2605 partes,
620 2521 668 2583 sed
683 2520 720 2582 ad
734 2520 861 2584 Parthos
877 2544 1000 2608 quoque
1015 2524 1046 2587 δι

204 2610 298 2674 Indos
311 2609 454 2691 pervenit.
500 2606 571 2669 Nec
586 2622 707 2670 tantum
721 2606 783 2687 ipso
799 2606 899 2682 initio,
921 2608 971 2671 sed
993 2630 1046 2690 per

203 2698 261 2758 tria
281 2697 375 2756 ferme
397 2692 516 2767 saectila,
539 2692 725 2773 privatorum
747 2713 850 2773 opera,
872 2690 934 2753 stne
954 2694 1045 2756 minis

205 2780 288 2854 ullis,
311 2778 370 2840 sine
385 2777 453 2840 ullis
468 2777 684 2853 invitamentis,
708 2777 770 2838 imo
784 2777 932 2841 renitente
951 2800 1043 2861 quam

193 2864 338 2947 *maxime
360 2884 465 2925 eorum
487 2860 529 2935 vi,
553 2861 606 2943 qui
616 2862 744 2942 imperia
759 2861 948 2939 obtinebant,
972 2884 1044 2943 pro·

205 2943 292 3026 mota
314 2946 356 3009 est
377 2947 443 3009 haec
466 2944 599 3031 Religio,
623 2947 690 3008 7ita
712 2960 747 3008 ut
769 2963 933 3031 antequam
955 2945 1045 3010 Con·

237 3098 399 3146 wentanum
404 3106 444 3159 per
451 3111 515 3159 ornnes
523 3096 607 3160 imperii
632 3097 672 3161 jor
683 3095 751 3161 effen]
769 3099 822 3163 Jam
833 3093 873 3143 suo
885 3111 935 3144 aevo
946 3096 1045 3145 Tertul-

203 3162 295 3211 Romani
303 3158 399 3226 purten]
416 3161 487 3213 Rom.
499 3175 537 3206 xv.
555 3176 594 3223 19.
638 3162 713 3208 lianus
740 3162 826 3209 dixerat
852 3175 890 3208 rr.
923 3160 1044 3222 Apologo-

235 3227 303 3288 71ta
321 3239 344 3272 ut
361 3238 473 3288 antequam
489 3222 606 3285 Corfiantr'-
639 3225 700 3272 tico!
720 3226 813 3289 Hesterni
827 3224 909 3291 sumus,
925 3224 955 3273 ὅ
971 3223 1046 3287 ‘nestra¹
1085 3228 1086 3232 ’

200 3298 239 3341 iras
261 3289 438 3354 Christianismum
459 3287 604 3352 profiteretur,
638 3290 706 3337 omnia
717 3291 859 3354 implevimus,
870 3288 940 3347 ardes,
956 3288 1044 3353 insulas,

201 3357 247 3405 bac
254 3366 310 3420 pars
320 3354 410 3404 Romani
420 3352 474 3403 orbis
481 3364 548 3419 prope
558 3370 606 3403 ma-
638 3351 729 3419 cotella,
762 3355 887 3421 municipia,
895 3352 1046 3483 stconoiliabu-
