<?xml version="1.0" encoding="UTF-8"?>
<!DOCTYPE html PUBLIC "-//W3C//DTD XHTML 1.0 Transitional//EN"
    "http://www.w3.org/TR/xhtml1/DTD/xhtml1-transitional.dtd">
<html xmlns="http://www.w3.org/1999/xhtml" xml:lang="en" lang="en">
 <head>
  <title>
</title>
<meta http-equiv="Content-Type" content="text/html;charset=utf-8" />
  <meta name='ocr-system' content='tesseract 3.04.00' />
  <meta name='ocr-capabilities' content='ocr_page ocr_carea ocr_par ocr_line ocrx_word'/>
</head>
<body>
  <div class='ocr_page' id='page_1' title='image "./hugogrotiusdeve00clergoog_0162.png"; bbox 0 0 2325 4050; ppageno 0'>
   <div class='ocr_carea' id='block_1_1' title="bbox 207 250 902 336">
    <p class='ocr_par' dir='ltr' id='par_1_1' title="bbox 207 250 902 336">
     <span class='ocr_line' id='line_1_1' title="bbox 207 250 902 336; baseline -0.006 -18"><span class='ocrx_word' id='word_1_1' title='bbox 207 274 268 336; x_wconf 78' lang='lat'>1424</span> <span class='ocrx_word' id='word_1_2' title='bbox 339 250 902 318; x_wconf 70' lang='lat' dir='ltr'>HthorrusnaVrrtrr.</span> 
     </span>
    </p>
   </div>
   <div class='ocr_carea' id='block_1_2' title="bbox 203 372 1079 2323">
    <p class='ocr_par' dir='ltr' id='par_1_2' title="bbox 203 372 1079 2323">
     <span class='ocr_line' id='line_1_2' title="bbox 203 372 1046 456; baseline -0.004 -17"><span class='ocrx_word' id='word_1_3' title='bbox 203 376 406 440; x_wconf 89' lang='lat' dir='ltr'>risconsultus:</span> <span class='ocrx_word' id='word_1_4' title='bbox 431 376 462 436; x_wconf 90' lang='lat' dir='ltr'>in</span> <span class='ocrx_word' id='word_1_5' title='bbox 476 374 583 456; x_wconf 81' lang='lat' dir='ltr'>quibus</span> <span class='ocrx_word' id='word_1_6' title='bbox 601 373 742 434; x_wconf 89' lang='lat' dir='ltr'>omnibus</span> <span class='ocrx_word' id='word_1_7' title='bbox 754 372 903 453; x_wconf 86' lang='lat' dir='ltr'>saepiffime</span> <span class='ocrx_word' id='word_1_8' title='bbox 914 373 1046 453; x_wconf 79' lang='lat' dir='ltr'>reperias</span> 
     </span>
     <span class='ocr_line' id='line_1_3' title="bbox 205 457 1046 543; baseline -0.005 -19"><span class='ocrx_word' id='word_1_9' title='bbox 205 486 268 524; x_wconf 89' lang='lat' dir='ltr'>non</span> <span class='ocrx_word' id='word_1_10' title='bbox 287 463 379 525; x_wconf 93' lang='lat' dir='ltr'>modo</span> <span class='ocrx_word' id='word_1_11' title='bbox 404 480 538 543; x_wconf 86' lang='lat' dir='ltr'>pugnare</span> <span class='ocrx_word' id='word_1_12' title='bbox 561 459 640 519; x_wconf 85' lang='lat' dir='ltr'>inter</span> <span class='ocrx_word' id='word_1_13' title='bbox 656 458 695 534; x_wconf 89' lang='lat' dir='ltr'>se,</span> <span class='ocrx_word' id='word_1_14' title='bbox 718 459 770 539; x_wconf 89' lang='lat' dir='ltr'>qui</span> <span class='ocrx_word' id='word_1_15' title='bbox 785 458 870 518; x_wconf 76' lang='lat' dir='ltr'>sedlae</span> <span class='ocrx_word' id='word_1_16' title='bbox 885 457 953 518; x_wconf 92' lang='lat' dir='ltr'>sunt</span> <span class='ocrx_word' id='word_1_17' title='bbox 969 460 1046 542; x_wconf 89' lang='lat' dir='ltr'>ejus-</span> 
     </span>
     <span class='ocr_line' id='line_1_4' title="bbox 206 541 1047 628; baseline -0.002 -21"><span class='ocrx_word' id='word_1_18' title='bbox 206 547 288 628; x_wconf 86' lang='lat' dir='ltr'>dem,</span> <span class='ocrx_word' id='word_1_19' title='bbox 322 558 384 607; x_wconf 84' lang='lat' dir='ltr'>²ut</span> <span class='ocrx_word' id='word_1_20' title='bbox 408 542 566 606; x_wconf 87' lang='lat' dir='ltr'>Platonem</span> <span class='ocrx_word' id='word_1_21' title='bbox 594 542 623 604; x_wconf 77' lang='lat' dir='ltr'>dt</span> <span class='ocrx_word' id='word_1_22' title='bbox 647 541 903 624; x_wconf 74' lang='lat' dir='ltr'>Xenophontem,</span> <span class='ocrx_word' id='word_1_23' title='bbox 941 543 991 604; x_wconf 89' lang='lat' dir='ltr'>sed</span> <span class='ocrx_word' id='word_1_24' title='bbox 1017 543 1047 605; x_wconf 74' lang='grc' dir='ltr'>δι</span> 
     </span>
     <span class='ocr_line' id='line_1_5' title="bbox 209 627 1048 712; baseline -0.008 -17"><span class='ocrx_word' id='word_1_25' title='bbox 209 632 371 694; x_wconf 84' lang='lat' dir='ltr'>³eumdem</span> <span class='ocrx_word' id='word_1_26' title='bbox 386 630 459 709; x_wconf 79' lang='lat' dir='ltr'>saepe</span> <span class='ocrx_word' id='word_1_27' title='bbox 472 627 655 712; x_wconf 82' lang='lat' dir='ltr'>Scriptorem</span> <span class='ocrx_word' id='word_1_28' title='bbox 670 649 752 689; x_wconf 91' lang='lat' dir='ltr'>nunc</span> <span class='ocrx_word' id='word_1_29' title='bbox 764 628 836 702; x_wconf 89' lang='lat' dir='ltr'>hoc,</span> <span class='ocrx_word' id='word_1_30' title='bbox 858 649 942 690; x_wconf 87' lang='lat' dir='ltr'>nunc</span> <span class='ocrx_word' id='word_1_31' title='bbox 958 627 1048 704; x_wconf 92' lang='lat' dir='ltr'>illud,</span> 
     </span>
     <span class='ocr_line' id='line_1_6' title="bbox 206 711 1048 795; baseline -0.006 -16"><span class='ocrx_word' id='word_1_32' title='bbox 206 717 291 779; x_wconf 90' lang='lat' dir='ltr'>velut</span> <span class='ocrx_word' id='word_1_33' title='bbox 320 715 361 776; x_wconf 88' lang='lat' dir='ltr'>sui</span> <span class='ocrx_word' id='word_1_34' title='bbox 389 711 532 788; x_wconf 89' lang='lat' dir='ltr'>oblitum,</span> <span class='ocrx_word' id='word_1_35' title='bbox 569 728 622 774; x_wconf 88' lang='lat' dir='ltr'>aut</span> <span class='ocrx_word' id='word_1_36' title='bbox 650 712 721 795; x_wconf 91' lang='lat' dir='ltr'>quid</span> <span class='ocrx_word' id='word_1_37' title='bbox 750 711 859 774; x_wconf 88' lang='lat' dir='ltr'>statuat</span> <span class='ocrx_word' id='word_1_38' title='bbox 881 713 1048 789; x_wconf 89' lang='lat' dir='ltr'>incertum,</span> 
     </span>
     <span class='ocr_line' id='line_1_7' title="bbox 208 797 1049 880; baseline -0.005 -17"><span class='ocrx_word' id='word_1_39' title='bbox 208 803 384 863; x_wconf 86' lang='lat' dir='ltr'>adseverare.</span> <span class='ocrx_word' id='word_1_40' title='bbox 422 800 466 859; x_wconf 91' lang='lat' dir='ltr'>At</span> <span class='ocrx_word' id='word_1_41' title='bbox 481 799 524 873; x_wconf 94' lang='lat' dir='ltr'>hi,</span> <span class='ocrx_word' id='word_1_42' title='bbox 547 798 583 858; x_wconf 88' lang='lat' dir='ltr'>de</span> <span class='ocrx_word' id='word_1_43' title='bbox 598 799 706 880; x_wconf 89' lang='lat' dir='ltr'>quibus</span> <span class='ocrx_word' id='word_1_44' title='bbox 721 799 852 879; x_wconf 87' lang='lat' dir='ltr'>agimus,</span> <span class='ocrx_word' id='word_1_45' title='bbox 869 797 1049 878; x_wconf 88' lang='lat' dir='ltr'><strong>Scriptores,</strong></span> 
     </span>
     <span class='ocr_line' id='line_1_8' title="bbox 208 882 1048 964; baseline -0.004 -18"><span class='ocrx_word' id='word_1_46' title='bbox 208 884 351 946; x_wconf 87' lang='lat' dir='ltr'>credenda</span> <span class='ocrx_word' id='word_1_47' title='bbox 368 883 472 944; x_wconf 90' lang='lat' dir='ltr'>eadem</span> <span class='ocrx_word' id='word_1_48' title='bbox 488 882 655 959; x_wconf 88' lang='lat' dir='ltr'>inculcant,</span> <span class='ocrx_word' id='word_1_49' title='bbox 677 882 782 944; x_wconf 88' lang='lat' dir='ltr'>eadem</span> <span class='ocrx_word' id='word_1_50' title='bbox 798 883 871 943; x_wconf 91' lang='lat' dir='ltr'>dant</span> <span class='ocrx_word' id='word_1_51' title='bbox 885 900 1048 964; x_wconf 84' lang='lat' dir='ltr'>praecepta,</span> 
     </span>
     <span class='ocr_line' id='line_1_9' title="bbox 208 965 1048 1044; baseline -0.002 -14"><span class='ocrx_word' id='word_1_52' title='bbox 208 971 298 1032; x_wconf 88' lang='lat' dir='ltr'>etiarn</span> <span class='ocrx_word' id='word_1_53' title='bbox 323 967 360 1028; x_wconf 92' lang='lat' dir='ltr'>de</span> <span class='ocrx_word' id='word_1_54' title='bbox 385 965 495 1029; x_wconf 84' lang='lat' dir='ltr'>Christi</span> <span class='ocrx_word' id='word_1_55' title='bbox 522 968 597 1044; x_wconf 88' lang='lat' dir='ltr'>vita,</span> <span class='ocrx_word' id='word_1_56' title='bbox 626 983 737 1042; x_wconf 90' lang='lat' dir='ltr'>morte,</span> <span class='ocrx_word' id='word_1_57' title='bbox 770 967 866 1029; x_wconf 90' lang='lat' dir='ltr'>reditu</span> <span class='ocrx_word' id='word_1_58' title='bbox 889 969 921 1030; x_wconf 89' lang='lat' dir='ltr'>in</span> <span class='ocrx_word' id='word_1_59' title='bbox 940 968 1048 1044; x_wconf 89' lang='lat' dir='ltr'>vitam,</span> 
     </span>
     <span class='ocr_line' id='line_1_10' title="bbox 207 1051 1049 1136; baseline -0.001 -21"><span class='ocrx_word' id='word_1_60' title='bbox 207 1054 322 1116; x_wconf 88' lang='lat' dir='ltr'>summa</span> <span class='ocrx_word' id='word_1_61' title='bbox 338 1054 449 1135; x_wconf 90' lang='lat' dir='ltr'>ubique</span> <span class='ocrx_word' id='word_1_62' title='bbox 464 1051 505 1113; x_wconf 88' lang='lat' dir='ltr'>est</span> <span class='ocrx_word' id='word_1_63' title='bbox 520 1053 636 1114; x_wconf 86' lang='lat' dir='ltr'>eadem.</span> <span class='ocrx_word' id='word_1_64' title='bbox 681 1051 775 1132; x_wconf 77' lang='lat' dir='ltr'>Qud</span> <span class='ocrx_word' id='word_1_65' title='bbox 788 1073 859 1113; x_wconf 88' lang='lat' dir='ltr'>vero</span> <span class='ocrx_word' id='word_1_66' title='bbox 870 1052 906 1113; x_wconf 92' lang='lat' dir='ltr'>ad</span> <span class='ocrx_word' id='word_1_67' title='bbox 922 1054 1049 1136; x_wconf 87' lang='lat' dir='ltr'>exiguas</span> 
     </span>
     <span class='ocr_line' id='line_1_11' title="bbox 209 1136 1050 1221; baseline 0.002 -24"><span class='ocrx_word' id='word_1_68' title='bbox 209 1139 322 1221; x_wconf 89' lang='lat' dir='ltr'>aliquas</span> <span class='ocrx_word' id='word_1_69' title='bbox 337 1136 586 1212; x_wconf 83' lang='lat' dir='ltr'>circumstantias,</span> <span class='ocrx_word' id='word_1_70' title='bbox 610 1137 695 1198; x_wconf 87' lang='lat' dir='ltr'>&amp;ad</span> <span class='ocrx_word' id='word_1_71' title='bbox 716 1158 781 1198; x_wconf 90' lang='lat' dir='ltr'>rem</span> <span class='ocrx_word' id='word_1_72' title='bbox 804 1137 878 1197; x_wconf 90' lang='lat' dir='ltr'>nihil</span> <span class='ocrx_word' id='word_1_73' title='bbox 904 1138 1050 1199; x_wconf 85' lang='lat' dir='ltr'>facientes</span> 
     </span>
     <span class='ocr_line' id='line_1_12' title="bbox 209 1220 1049 1303; baseline 0.004 -21"><span class='ocrx_word' id='word_1_74' title='bbox 209 1225 330 1298; x_wconf 82' lang='lat' dir='ltr'>attinet,</span> <span class='ocrx_word' id='word_1_75' title='bbox 352 1222 494 1284; x_wconf 84' lang='lat' dir='ltr'>facillime</span> <span class='ocrx_word' id='word_1_76' title='bbox 509 1220 571 1282; x_wconf 87' lang='lat' dir='ltr'>fieri</span> <span class='ocrx_word' id='word_1_77' title='bbox 589 1225 700 1303; x_wconf 91' lang='lat' dir='ltr'>potuit,</span> <span class='ocrx_word' id='word_1_78' title='bbox 722 1235 756 1283; x_wconf 93' lang='lat' dir='ltr'>ut</span> <span class='ocrx_word' id='word_1_79' title='bbox 779 1241 843 1281; x_wconf 91' lang='lat' dir='ltr'>non</span> <span class='ocrx_word' id='word_1_80' title='bbox 865 1221 938 1283; x_wconf 87' lang='lat' dir='ltr'>desrt</span> <span class='ocrx_word' id='word_1_81' title='bbox 963 1244 1049 1285; x_wconf 90' lang='lat' dir='ltr'>com·</span> 
     </span>
     <span class='ocr_line' id='line_1_13' title="bbox 209 1306 1050 1381; baseline 0.001 -13"><span class='ocrx_word' id='word_1_82' title='bbox 209 1308 301 1368; x_wconf 89' lang='lat' dir='ltr'>moda</span> <span class='ocrx_word' id='word_1_83' title='bbox 326 1307 511 1381; x_wconf 84' lang='lat' dir='ltr'>conciliati0,</span> <span class='ocrx_word' id='word_1_84' title='bbox 534 1306 582 1367; x_wconf 92' lang='lat' dir='ltr'>sed</span> <span class='ocrx_word' id='word_1_85' title='bbox 602 1329 658 1367; x_wconf 92' lang='lat' dir='ltr'>nos</span> <span class='ocrx_word' id='word_1_86' title='bbox 681 1306 785 1381; x_wconf 90' lang='lat' dir='ltr'>lateat,</span> <span class='ocrx_word' id='word_1_87' title='bbox 808 1307 848 1367; x_wconf 92' lang='lat' dir='ltr'>ob</span> <span class='ocrx_word' id='word_1_88' title='bbox 870 1328 917 1368; x_wconf 92' lang='lat' dir='ltr'>res</span> <span class='ocrx_word' id='word_1_89' title='bbox 940 1306 1050 1369; x_wconf 81' lang='lat' dir='ltr'>similes</span> 
     </span>
     <span class='ocr_line' id='line_1_14' title="bbox 209 1388 1050 1476; baseline 0.001 -24"><span class='ocrx_word' id='word_1_90' title='bbox 209 1389 329 1455; x_wconf 77' lang='lat' dir='ltr'>diversis</span> <span class='ocrx_word' id='word_1_91' title='bbox 351 1392 535 1475; x_wconf 85' lang='lat' dir='ltr'>temporibus</span> <span class='ocrx_word' id='word_1_92' title='bbox 559 1390 666 1476; x_wconf 80' lang='lat' dir='ltr'>gestas,</span> <span class='ocrx_word' id='word_1_93' title='bbox 688 1393 849 1452; x_wconf 87' lang='lat' dir='ltr'>nominum</span> <span class='ocrx_word' id='word_1_94' title='bbox 865 1388 1050 1474; x_wconf 83' lang='lat' dir='ltr'>ambiguita-</span> 
     </span>
     <span class='ocr_line' id='line_1_15' title="bbox 210 1475 1050 1562; baseline -0.001 -23"><span class='ocrx_word' id='word_1_95' title='bbox 210 1493 286 1552; x_wconf 91' lang='lat' dir='ltr'>tem,</span> <span class='ocrx_word' id='word_1_96' title='bbox 309 1493 361 1540; x_wconf 90' lang='lat' dir='ltr'>aut</span> <span class='ocrx_word' id='word_1_97' title='bbox 383 1480 473 1562; x_wconf 83' lang='lat' dir='ltr'>hujus</span> <span class='ocrx_word' id='word_1_98' title='bbox 496 1477 639 1551; x_wconf 89' lang='lat' dir='ltr'>hominis,</span> <span class='ocrx_word' id='word_1_99' title='bbox 662 1492 714 1537; x_wconf 87' lang='lat' dir='ltr'>aut</span> <span class='ocrx_word' id='word_1_100' title='bbox 736 1475 796 1537; x_wconf 91' lang='lat' dir='ltr'>loci</span> <span class='ocrx_word' id='word_1_101' title='bbox 811 1475 898 1557; x_wconf 89' lang='lat' dir='ltr'>plura</span> <span class='ocrx_word' id='word_1_102' title='bbox 912 1479 1050 1553; x_wconf 88' lang='lat' dir='ltr'>nomina,</span> 
     </span>
     <span class='ocr_line' id='line_1_16' title="bbox 211 1559 1079 1645; baseline 0 -21"><span class='ocrx_word' id='word_1_103' title='bbox 211 1563 241 1624; x_wconf 75' lang='grc' dir='ltr'>δι</span> <span class='ocrx_word' id='word_1_104' title='bbox 254 1562 275 1624; x_wconf 86' lang='lat' dir='ltr'>sr</span> <span class='ocrx_word' id='word_1_105' title='bbox 286 1562 357 1645; x_wconf 90' lang='lat' dir='ltr'>quid</span> <span class='ocrx_word' id='word_1_106' title='bbox 368 1563 415 1622; x_wconf 90' lang='lat' dir='ltr'>his</span> <span class='ocrx_word' id='word_1_107' title='bbox 431 1559 523 1622; x_wconf 81' lang='lat' dir='ltr'>simile</span> <span class='ocrx_word' id='word_1_108' title='bbox 538 1560 590 1621; x_wconf 88' lang='lat' dir='ltr'>est.</span> <span class='ocrx_word' id='word_1_109' title='bbox 622 1559 690 1622; x_wconf 81' lang='lat' dir='ltr'>Into</span> <span class='ocrx_word' id='word_1_110' title='bbox 704 1562 762 1622; x_wconf 90' lang='lat' dir='ltr'>hoc</span> <span class='ocrx_word' id='word_1_111' title='bbox 777 1560 872 1642; x_wconf 89' lang='lat' dir='ltr'>ipsum</span> <span class='ocrx_word' id='word_1_112' title='bbox 885 1561 1052 1642; x_wconf 74' lang='lat' dir='ltr'>Scriptores</span> <span class='ocrx_word' id='word_1_113' title='bbox 1077 1593 1079 1596; x_wconf 47' lang='lat'><strong>⁴</strong></span> 
     </span>
     <span class='ocr_line' id='line_1_17' title="bbox 210 1644 1061 1726; baseline 0 -18"><span class='ocrx_word' id='word_1_114' title='bbox 210 1646 279 1708; x_wconf 89' lang='lat' dir='ltr'>illos</span> <span class='ocrx_word' id='word_1_115' title='bbox 294 1647 331 1726; x_wconf 82' lang='lat' dir='ltr'>ab</span> <span class='ocrx_word' id='word_1_116' title='bbox 346 1647 429 1708; x_wconf 91' lang='lat' dir='ltr'>omni</span> <span class='ocrx_word' id='word_1_117' title='bbox 441 1644 502 1705; x_wconf 92' lang='lat' dir='ltr'>doli</span> <span class='ocrx_word' id='word_1_118' title='bbox 514 1645 676 1726; x_wconf 87' lang='lat' dir='ltr'>suspicione</span> <span class='ocrx_word' id='word_1_119' title='bbox 688 1644 812 1707; x_wconf 87' lang='lat' dir='ltr'>liberare</span> <span class='ocrx_word' id='word_1_120' title='bbox 824 1646 931 1721; x_wconf 74' lang='lat' dir='ltr'>debet,</span> <span class='ocrx_word' id='word_1_121' title='bbox 955 1655 1061 1716; x_wconf 77' lang='lat' dir='ltr'>⁴&#39;cum&#39;</span> 
     </span>
     <span class='ocr_line' id='line_1_18' title="bbox 211 1728 1053 1812; baseline 0 -20"><span class='ocrx_word' id='word_1_122' title='bbox 211 1731 336 1807; x_wconf 82' lang='lat' dir='ltr'>soleant,</span> <span class='ocrx_word' id='word_1_123' title='bbox 351 1731 401 1812; x_wconf 89' lang='lat' dir='ltr'>qui</span> <span class='ocrx_word' id='word_1_124' title='bbox 411 1728 482 1790; x_wconf 87' lang='lat' dir='ltr'>salsa</span> <span class='ocrx_word' id='word_1_125' title='bbox 491 1728 647 1806; x_wconf 87' lang='lat' dir='ltr'>testantur,</span> <span class='ocrx_word' id='word_1_126' title='bbox 663 1730 699 1792; x_wconf 91' lang='lat' dir='ltr'>de</span> <span class='ocrx_word' id='word_1_127' title='bbox 711 1731 882 1811; x_wconf 75' lang='lat' dir='ltr'>compadl0,</span> <span class='ocrx_word' id='word_1_128' title='bbox 897 1731 1004 1792; x_wconf 89' lang='lat' dir='ltr'>omnia</span> <span class='ocrx_word' id='word_1_129' title='bbox 1010 1733 1053 1793; x_wconf 89' lang='lat' dir='ltr'>ita</span> 
     </span>
     <span class='ocr_line' id='line_1_19' title="bbox 211 1808 1053 1897; baseline 0.002 -21"><span class='ocrx_word' id='word_1_130' title='bbox 211 1808 342 1890; x_wconf 75' lang='lat' dir='ltr'>narrare,</span> <span class='ocrx_word' id='word_1_131' title='bbox 365 1830 448 1875; x_wconf 88' lang='lat' dir='ltr'>utne</span> <span class='ocrx_word' id='word_1_132' title='bbox 460 1813 490 1874; x_wconf 88' lang='lat' dir='ltr'>iu</span> <span class='ocrx_word' id='word_1_133' title='bbox 503 1813 630 1894; x_wconf 89' lang='lat' dir='ltr'>speciem</span> <span class='ocrx_word' id='word_1_134' title='bbox 641 1815 762 1897; x_wconf 90' lang='lat' dir='ltr'>quidem</span> <span class='ocrx_word' id='word_1_135' title='bbox 774 1815 940 1897; x_wconf 88' lang='lat' dir='ltr'>quidquam</span> <span class='ocrx_word' id='word_1_136' title='bbox 951 1816 1053 1878; x_wconf 86' lang='lat' dir='ltr'>diver-</span> 
     </span>
     <span class='ocr_line' id='line_1_20' title="bbox 212 1896 1052 1982; baseline 0.002 -21"><span class='ocrx_word' id='word_1_137' title='bbox 212 1901 277 1961; x_wconf 87' lang='lat' dir='ltr'>sum</span> <span class='ocrx_word' id='word_1_138' title='bbox 292 1913 441 1981; x_wconf 87' lang='lat' dir='ltr'>appareat.</span> <span class='ocrx_word' id='word_1_139' title='bbox 484 1896 579 1978; x_wconf 81' lang='lat' dir='ltr'>Qrod</span> <span class='ocrx_word' id='word_1_140' title='bbox 595 1898 616 1960; x_wconf 84' lang='lat' dir='ltr'>st</span> <span class='ocrx_word' id='word_1_141' title='bbox 631 1921 669 1960; x_wconf 88' lang='lat' dir='ltr'>ex</span> <span class='ocrx_word' id='word_1_142' title='bbox 684 1898 743 1961; x_wconf 91' lang='lat' dir='ltr'>levi</span> <span class='ocrx_word' id='word_1_143' title='bbox 762 1898 865 1982; x_wconf 78' lang='lat' dir='ltr'>aliqua</span> <span class='ocrx_word' id='word_1_144' title='bbox 883 1899 1052 1982; x_wconf 84' lang='lat' dir='ltr'>discrepan-</span> 
     </span>
     <span class='ocr_line' id='line_1_21' title="bbox 212 1983 1053 2068; baseline 0.001 -20"><span class='ocrx_word' id='word_1_145' title='bbox 212 1984 254 2048; x_wconf 89' lang='lat' dir='ltr'>tia</span> <span class='ocrx_word' id='word_1_146' title='bbox 269 1985 361 2047; x_wconf 86' lang='lat' dir='ltr'>etiarn</span> <span class='ocrx_word' id='word_1_147' title='bbox 376 2006 445 2066; x_wconf 83' lang='lat' dir='ltr'>quae</span> <span class='ocrx_word' id='word_1_148' title='bbox 458 1983 612 2046; x_wconf 88' lang='lat' dir='ltr'>conciliari</span> <span class='ocrx_word' id='word_1_149' title='bbox 628 1985 776 2068; x_wconf 90' lang='lat' dir='ltr'>nequiret,</span> <span class='ocrx_word' id='word_1_150' title='bbox 799 1985 870 2048; x_wconf 87' lang='lat' dir='ltr'>totis</span> <span class='ocrx_word' id='word_1_151' title='bbox 884 1983 967 2048; x_wconf 81' lang='lat' dir='ltr'>libris</span> <span class='ocrx_word' id='word_1_152' title='bbox 978 1983 1053 2049; x_wconf 77' lang='lat' dir='ltr'>fider</span> 
     </span>
     <span class='ocr_line' id='line_1_22' title="bbox 212 2066 1052 2155; baseline 0.002 -25"><span class='ocrx_word' id='word_1_153' title='bbox 212 2069 379 2144; x_wconf 84' lang='lat' dir='ltr'>decederet,</span> <span class='ocrx_word' id='word_1_154' title='bbox 396 2072 461 2155; x_wconf 85' lang='lat' dir='ltr'>jam</span> <span class='ocrx_word' id='word_1_155' title='bbox 474 2068 550 2130; x_wconf 93' lang='lat' dir='ltr'>nulli</span> <span class='ocrx_word' id='word_1_156' title='bbox 562 2066 651 2145; x_wconf 89' lang='lat' dir='ltr'>libro,</span> <span class='ocrx_word' id='word_1_157' title='bbox 673 2070 834 2151; x_wconf 83' lang='lat' dir='ltr'>praesertim</span> <span class='ocrx_word' id='word_1_158' title='bbox 849 2068 1052 2152; x_wconf 83' lang='lat' dir='ltr'>historiarum,</span> 
     </span>
     <span class='ocr_line' id='line_1_23' title="bbox 212 2152 1052 2240; baseline 0.004 -25"><span class='ocrx_word' id='word_1_159' title='bbox 212 2153 395 2216; x_wconf 83' lang='lat' dir='ltr'>credendum</span> <span class='ocrx_word' id='word_1_160' title='bbox 411 2152 494 2216; x_wconf 80' lang='lat' dir='ltr'>esset:</span> <span class='ocrx_word' id='word_1_161' title='bbox 517 2175 589 2215; x_wconf 88' lang='lat' dir='ltr'>curn</span> <span class='ocrx_word' id='word_1_162' title='bbox 602 2169 704 2217; x_wconf 89' lang='lat' dir='ltr'>tamen</span> <span class='ocrx_word' id='word_1_163' title='bbox 716 2153 746 2215; x_wconf 77' lang='lat' dir='ltr'>dr</span> <span class='ocrx_word' id='word_1_164' title='bbox 757 2153 897 2240; x_wconf 89' lang='lat' dir='ltr'>Polybio,</span> <span class='ocrx_word' id='word_1_165' title='bbox 920 2154 1052 2218; x_wconf 82' lang='lat' dir='ltr'>&amp;Hali-</span> 
     </span>
     <span class='ocr_line' id='line_1_24' title="bbox 213 2236 1054 2323; baseline 0.005 -23"><span class='ocrx_word' id='word_1_166' title='bbox 213 2237 398 2315; x_wconf 86' lang='lat' dir='ltr'>carnaslensr,</span> <span class='ocrx_word' id='word_1_167' title='bbox 430 2238 460 2301; x_wconf 72' lang='lat' dir='ltr'>a</span> <span class='ocrx_word' id='word_1_168' title='bbox 488 2236 590 2316; x_wconf 89' lang='lat' dir='ltr'>Livio,</span> <span class='ocrx_word' id='word_1_169' title='bbox 620 2240 650 2303; x_wconf 70' lang='grc' dir='ltr'><strong>ἃ</strong></span> <span class='ocrx_word' id='word_1_170' title='bbox 675 2237 851 2315; x_wconf 87' lang='lat' dir='ltr'>Plutarcho,</span> <span class='ocrx_word' id='word_1_171' title='bbox 883 2240 915 2301; x_wconf 92' lang='lat' dir='ltr'>in</span> <span class='ocrx_word' id='word_1_172' title='bbox 942 2240 1054 2323; x_wconf 78' lang='lat' dir='ltr'>quibus</span> 
     </span>
    </p>
   </div>
   <div class='ocr_carea' id='block_1_3' title="bbox 211 2401 1065 3424">
    <p class='ocr_par' dir='ltr' id='par_1_3' title="bbox 212 2401 1055 2595">
     <span class='ocr_line' id='line_1_25' title="bbox 213 2401 1054 2467; baseline 0.005 -21"><span class='ocrx_word' id='word_1_173' title='bbox 213 2410 322 2461; x_wconf 88' lang='lat' dir='ltr'>quuntur.</span> <span class='ocrx_word' id='word_1_174' title='bbox 340 2402 432 2448; x_wconf 82' lang='lat' dir='ltr'>Vide&amp;</span> <span class='ocrx_word' id='word_1_175' title='bbox 442 2402 553 2449; x_wconf 84' lang='lat' dir='ltr'>Gabrielii</span> <span class='ocrx_word' id='word_1_176' title='bbox 565 2401 616 2448; x_wconf 87' lang='lat' dir='ltr'>seu·</span> <span class='ocrx_word' id='word_1_177' title='bbox 648 2415 693 2461; x_wconf 82' lang='lat' dir='ltr'>tur,</span> <span class='ocrx_word' id='word_1_178' title='bbox 713 2402 738 2449; x_wconf 78' lang='lat' dir='ltr'>de</span> <span class='ocrx_word' id='word_1_179' title='bbox 751 2407 864 2467; x_wconf 70' lang='lat' dir='ltr'>compasso,</span> <span class='ocrx_word' id='word_1_180' title='bbox 881 2404 949 2450; x_wconf 82' lang='lat' dir='ltr'>omnia</span> <span class='ocrx_word' id='word_1_181' title='bbox 959 2404 992 2451; x_wconf 82' lang='lat' dir='ltr'>ira</span> <span class='ocrx_word' id='word_1_182' title='bbox 1000 2419 1054 2464; x_wconf 67' lang='lat' dir='ltr'>nar-</span> 
     </span>
     <span class='ocr_line' id='line_1_26' title="bbox 212 2466 1055 2534; baseline 0.005 -24"><span class='ocrx_word' id='word_1_183' title='bbox 212 2466 295 2511; x_wconf 78' lang='lat' dir='ltr'>rentiar</span> <span class='ocrx_word' id='word_1_184' title='bbox 314 2480 455 2524; x_wconf 83' lang='lat' dir='ltr'>communes,</span> <span class='ocrx_word' id='word_1_185' title='bbox 472 2468 616 2514; x_wconf 84' lang='lat' dir='ltr'>communio·</span> <span class='ocrx_word' id='word_1_186' title='bbox 648 2484 707 2524; x_wconf 84' lang='lat' dir='ltr'>rare,</span> <span class='ocrx_word' id='word_1_187' title='bbox 736 2479 759 2511; x_wconf 81' lang='lat' dir='ltr'>ur</span> <span class='ocrx_word' id='word_1_188' title='bbox 778 2484 803 2514; x_wconf 78' lang='lat' dir='ltr'>ne</span> <span class='ocrx_word' id='word_1_189' title='bbox 822 2468 850 2513; x_wconf 69' lang='grc' dir='ltr'>ἐπ’</span> <span class='ocrx_word' id='word_1_190' title='bbox 876 2468 953 2534; x_wconf 77' lang='lat' dir='ltr'>perlem</span> <span class='ocrx_word' id='word_1_191' title='bbox 971 2467 1055 2532; x_wconf 57' lang='lat' dir='ltr'>quidam</span> 
     </span>
     <span class='ocr_line' id='line_1_27' title="bbox 212 2529 1053 2595; baseline 0.006 -21"><span class='ocrx_word' id='word_1_192' title='bbox 212 2544 256 2585; x_wconf 87' lang='lat' dir='ltr'>res,</span> <span class='ocrx_word' id='word_1_193' title='bbox 273 2530 474 2577; x_wconf 66' lang='lat' dir='ltr'>communissima.</span> <span class='ocrx_word' id='word_1_194' title='bbox 647 2531 766 2595; x_wconf 71' lang='lat' dir='ltr'>quidquam</span> <span class='ocrx_word' id='word_1_195' title='bbox 788 2531 853 2578; x_wconf 76' lang='lat' dir='ltr'>diver</span> <span class='ocrx_word' id='word_1_196' title='bbox 861 2549 895 2579; x_wconf 82' lang='lat' dir='ltr'>um</span> <span class='ocrx_word' id='word_1_197' title='bbox 924 2529 1053 2595; x_wconf 72' lang='lat' dir='ltr'>apparean]</span> 
     </span>
    </p>

    <p class='ocr_par' dir='ltr' id='par_1_4' title="bbox 211 2592 1056 2975">
     <span class='ocr_line' id='line_1_28' title="bbox 246 2592 1056 2657; baseline 0.004 -18"><span class='ocrx_word' id='word_1_198' title='bbox 246 2607 260 2639; x_wconf 87' lang='lat'>2</span> <span class='ocrx_word' id='word_1_199' title='bbox 276 2594 308 2640; x_wconf 88' lang='lat' dir='ltr'>Ur</span> <span class='ocrx_word' id='word_1_200' title='bbox 325 2594 432 2639; x_wconf 73' lang='lat' dir='ltr'>Platonem</span> <span class='ocrx_word' id='word_1_201' title='bbox 450 2592 479 2640; x_wconf 51' lang='grc' dir='ltr'>ὅ</span> <span class='ocrx_word' id='word_1_202' title='bbox 491 2595 618 2657; x_wconf 79' lang='lat' dir='ltr'>Xenophon·</span> <span class='ocrx_word' id='word_1_203' title='bbox 650 2595 702 2641; x_wconf 83' lang='lat' dir='ltr'>Hoc</span> <span class='ocrx_word' id='word_1_204' title='bbox 720 2594 751 2640; x_wconf 89' lang='lat' dir='ltr'>est</span> <span class='ocrx_word' id='word_1_205' title='bbox 768 2597 826 2655; x_wconf 90' lang='lat' dir='ltr'>quod</span> <span class='ocrx_word' id='word_1_206' title='bbox 845 2597 910 2641; x_wconf 85' lang='lat' dir='ltr'>docet</span> <span class='ocrx_word' id='word_1_207' title='bbox 927 2599 1056 2655; x_wconf 74' lang='lat' dir='ltr'>Imperator</span> 
     </span>
     <span class='ocr_line' id='line_1_29' title="bbox 211 2653 1056 2718; baseline 0.006 -17"><span class='ocrx_word' id='word_1_208' title='bbox 211 2653 275 2718; x_wconf 71' lang='lat' dir='ltr'>run]</span> <span class='ocrx_word' id='word_1_209' title='bbox 308 2658 369 2703; x_wconf 82' lang='lat' dir='ltr'>Vide</span> <span class='ocrx_word' id='word_1_210' title='bbox 395 2655 511 2717; x_wconf 82' lang='lat' dir='ltr'>epistolam</span> <span class='ocrx_word' id='word_1_211' title='bbox 534 2660 616 2705; x_wconf 87' lang='lat' dir='ltr'>Xeno·</span> <span class='ocrx_word' id='word_1_212' title='bbox 648 2659 773 2716; x_wconf 79' lang='lat' dir='ltr'>Adrianus,</span> <span class='ocrx_word' id='word_1_213' title='bbox 798 2659 921 2705; x_wconf 81' lang='lat' dir='ltr'>videndum</span> <span class='ocrx_word' id='word_1_214' title='bbox 943 2660 968 2705; x_wconf 89' lang='lat' dir='ltr'>in</span> <span class='ocrx_word' id='word_1_215' title='bbox 990 2659 1056 2706; x_wconf 77' lang='lat' dir='ltr'>terti-</span> 
     </span>
     <span class='ocr_line' id='line_1_30' title="bbox 212 2719 1056 2783; baseline 0.008 -20"><span class='ocrx_word' id='word_1_216' title='bbox 212 2719 304 2779; x_wconf 82' lang='lat' dir='ltr'>phontis</span> <span class='ocrx_word' id='word_1_217' title='bbox 323 2722 351 2766; x_wconf 86' lang='lat' dir='ltr'>ad</span> <span class='ocrx_word' id='word_1_218' title='bbox 365 2720 615 2769; x_wconf 83' lang='lat' dir='ltr'>AEsthinemSocrati-</span> <span class='ocrx_word' id='word_1_219' title='bbox 648 2722 689 2767; x_wconf 85' lang='lat' dir='ltr'>bus</span> <span class='ocrx_word' id='word_1_220' title='bbox 710 2732 790 2768; x_wconf 87' lang='lat' dir='ltr'>utrum</span> <span class='ocrx_word' id='word_1_221' title='bbox 811 2737 882 2769; x_wconf 90' lang='lat' dir='ltr'>unum</span> <span class='ocrx_word' id='word_1_222' title='bbox 903 2724 1056 2783; x_wconf 83' lang='lat' dir='ltr'>eumdemque</span> 
     </span>
     <span class='ocr_line' id='line_1_31' title="bbox 212 2783 1055 2834; baseline 0.007 -7"><span class='ocrx_word' id='word_1_223' title='bbox 212 2798 282 2828; x_wconf 84' lang='lat' dir='ltr'>cum:</span> <span class='ocrx_word' id='word_1_224' title='bbox 312 2783 454 2830; x_wconf 84' lang='lat' dir='ltr'>Athenaeum</span> <span class='ocrx_word' id='word_1_225' title='bbox 476 2799 515 2831; x_wconf 73' lang='grc' dir='ltr'>ιι.</span> <span class='ocrx_word' id='word_1_226' title='bbox 546 2787 615 2831; x_wconf 68' lang='grc' dir='ltr'>[αὲτ-</span> <span class='ocrx_word' id='word_1_227' title='bbox 648 2788 785 2833; x_wconf 85' lang='lat' dir='ltr'>meditatum</span> <span class='ocrx_word' id='word_1_228' title='bbox 813 2786 938 2833; x_wconf 85' lang='lat' dir='ltr'>sermonem</span> <span class='ocrx_word' id='word_1_229' title='bbox 966 2786 1055 2834; x_wconf 84' lang='lat' dir='ltr'>attule-</span> 
     </span>
     <span class='ocr_line' id='line_1_32' title="bbox 212 2845 1055 2908; baseline 0.007 -17"><span class='ocrx_word' id='word_1_230' title='bbox 212 2846 273 2891; x_wconf 87' lang='lat' dir='ltr'>tium</span> <span class='ocrx_word' id='word_1_231' title='bbox 296 2845 394 2893; x_wconf 75' lang='lat' dir='ltr'>Platonis</span> <span class='ocrx_word' id='word_1_232' title='bbox 416 2849 481 2894; x_wconf 87' lang='lat' dir='ltr'>vita:</span> <span class='ocrx_word' id='word_1_233' title='bbox 511 2848 616 2896; x_wconf 85' lang='lat' dir='ltr'>Gellium</span> <span class='ocrx_word' id='word_1_234' title='bbox 648 2852 703 2908; x_wconf 86' lang='lat' dir='ltr'>rint,</span> <span class='ocrx_word' id='word_1_235' title='bbox 721 2852 748 2895; x_wconf 77' lang='lat'>1..</span> <span class='ocrx_word' id='word_1_236' title='bbox 764 2850 863 2899; x_wconf 85' lang='lat' dir='ltr'>testium.</span> <span class='ocrx_word' id='word_1_237' title='bbox 884 2853 915 2898; x_wconf 90' lang='lat' dir='ltr'>D.</span> <span class='ocrx_word' id='word_1_238' title='bbox 934 2850 1055 2898; x_wconf 80' lang='lat' dir='ltr'>deTesti·</span> 
     </span>
     <span class='ocr_line' id='line_1_33' title="bbox 211 2908 1055 2975; baseline 0.009 -19"><span class='ocrx_word' id='word_1_239' title='bbox 211 2908 271 2956; x_wconf 89' lang='lat' dir='ltr'>libro</span> <span class='ocrx_word' id='word_1_240' title='bbox 282 2923 337 2958; x_wconf 82' lang='lat' dir='ltr'>xrv.</span> <span class='ocrx_word' id='word_1_241' title='bbox 650 2916 699 2960; x_wconf 82' lang='lat' dir='ltr'>bus.</span> <span class='ocrx_word' id='word_1_242' title='bbox 719 2914 850 2974; x_wconf 76' lang='lat' dir='ltr'>speculator</span> <span class='ocrx_word' id='word_1_243' title='bbox 859 2915 900 2963; x_wconf 88' lang='lat' dir='ltr'>lib.</span> <span class='ocrx_word' id='word_1_244' title='bbox 913 2929 933 2960; x_wconf 90' lang='lat' dir='ltr'>r.</span> <span class='ocrx_word' id='word_1_245' title='bbox 944 2915 1008 2975; x_wconf 79' lang='lat' dir='ltr'>parte</span> <span class='ocrx_word' id='word_1_246' title='bbox 1018 2930 1055 2964; x_wconf 78' lang='lat' dir='ltr'>tv·</span> 
     </span>
    </p>

    <p class='ocr_par' dir='ltr' id='par_1_5' title="bbox 212 2972 1065 3359">
     <span class='ocr_line' id='line_1_34' title="bbox 246 2972 1057 3039; baseline 0.01 -22"><span class='ocrx_word' id='word_1_247' title='bbox 246 2987 259 3033; x_wconf 88' lang='lat'>3</span> <span class='ocrx_word' id='word_1_248' title='bbox 287 2972 388 3029; x_wconf 68' lang='lat' dir='ltr'>Eundem</span> <span class='ocrx_word' id='word_1_249' title='bbox 409 2972 617 3038; x_wconf 60' lang='lat' dir='ltr'>sape-Scriptum</span> <span class='ocrx_word' id='word_1_250' title='bbox 649 2980 676 3025; x_wconf 86' lang='lat' dir='ltr'>de</span> <span class='ocrx_word' id='word_1_251' title='bbox 687 2979 763 3023; x_wconf 82' lang='lat' dir='ltr'>Teste.</span> <span class='ocrx_word' id='word_1_252' title='bbox 781 2978 805 3024; x_wconf 91' lang='lat' dir='ltr'>in</span> <span class='ocrx_word' id='word_1_253' title='bbox 824 2996 858 3039; x_wconf 83' lang='lat' dir='ltr'>pr.</span> <span class='ocrx_word' id='word_1_254' title='bbox 879 2995 902 3027; x_wconf 91' lang='lat' dir='ltr'>n.</span> <span class='ocrx_word' id='word_1_255' title='bbox 917 2980 956 3027; x_wconf 84' lang='lat'>81.</span> <span class='ocrx_word' id='word_1_256' title='bbox 991 2980 1057 3025; x_wconf 84' lang='lat' dir='ltr'>Exa-</span> 
     </span>
     <span class='ocr_line' id='line_1_35' title="bbox 212 3036 1065 3104; baseline 0.006 -20"><span class='ocrx_word' id='word_1_257' title='bbox 212 3053 266 3084; x_wconf 83' lang='lat' dir='ltr'>nunc</span> <span class='ocrx_word' id='word_1_258' title='bbox 282 3036 326 3092; x_wconf 81' lang='lat' dir='ltr'>boc,</span> <span class='ocrx_word' id='word_1_259' title='bbox 351 3052 404 3082; x_wconf 81' lang='lat' dir='ltr'>nunc</span> <span class='ocrx_word' id='word_1_260' title='bbox 420 3036 482 3095; x_wconf 81' lang='lat' dir='ltr'>illud,</span> <span class='ocrx_word' id='word_1_261' title='bbox 506 3040 566 3084; x_wconf 84' lang='lat' dir='ltr'>velut</span> <span class='ocrx_word' id='word_1_262' title='bbox 580 3041 619 3104; x_wconf 78' lang='lat' dir='ltr'>sui</span> <span class='ocrx_word' id='word_1_263' title='bbox 650 3042 746 3087; x_wconf 68' lang='lat' dir='ltr'>&amp;issima</span> <span class='ocrx_word' id='word_1_264' title='bbox 765 3043 985 3089; x_wconf 79' lang='lat' dir='ltr'>circumstantiarum</span> <span class='ocrx_word' id='word_1_265' title='bbox 1002 3058 1065 3089; x_wconf 86' lang='lat' dir='ltr'>orn--</span> 
     </span>
     <span class='ocr_line' id='line_1_36' title="bbox 213 3100 1060 3164; baseline 0.007 -17"><span class='ocrx_word' id='word_1_266' title='bbox 213 3100 306 3157; x_wconf 80' lang='lat' dir='ltr'>oblitum,</span> <span class='ocrx_word' id='word_1_267' title='bbox 326 3112 365 3146; x_wconf 82' lang='lat' dir='ltr'>aut</span> <span class='ocrx_word' id='word_1_268' title='bbox 382 3100 437 3164; x_wconf 84' lang='lat' dir='ltr'>quid</span> <span class='ocrx_word' id='word_1_269' title='bbox 445 3101 532 3163; x_wconf 82' lang='lat' dir='ltr'>statuat</span> <span class='ocrx_word' id='word_1_270' title='bbox 549 3104 617 3149; x_wconf 72' lang='lat' dir='ltr'>incer·</span> <span class='ocrx_word' id='word_1_271' title='bbox 649 3106 714 3150; x_wconf 89' lang='lat' dir='ltr'>nium</span> <span class='ocrx_word' id='word_1_272' title='bbox 733 3107 815 3153; x_wconf 79' lang='lat' dir='ltr'>notitia</span> <span class='ocrx_word' id='word_1_273' title='bbox 835 3108 859 3152; x_wconf 92' lang='lat' dir='ltr'>in</span> <span class='ocrx_word' id='word_1_274' title='bbox 881 3107 936 3153; x_wconf 78' lang='lat' dir='ltr'>telle</span> <span class='ocrx_word' id='word_1_275' title='bbox 958 3122 1004 3153; x_wconf 89' lang='lat' dir='ltr'>non</span> <span class='ocrx_word' id='word_1_276' title='bbox 1024 3106 1060 3153; x_wconf 80' lang='lat' dir='ltr'>est</span> 
     </span>
     <span class='ocr_line' id='line_1_37' title="bbox 213 3162 1054 3233; baseline 0.008 -23"><span class='ocrx_word' id='word_1_277' title='bbox 213 3178 266 3223; x_wconf 85' lang='lat' dir='ltr'>rum,</span> <span class='ocrx_word' id='word_1_278' title='bbox 287 3162 439 3229; x_wconf 66' lang='lat' dir='ltr'>adJeverare,]</span> <span class='ocrx_word' id='word_1_279' title='bbox 456 3166 577 3212; x_wconf 85' lang='lat' dir='ltr'>Ostendere</span> <span class='ocrx_word' id='word_1_280' title='bbox 596 3168 618 3212; x_wconf 91' lang='lat' dir='ltr'>id</span> <span class='ocrx_word' id='word_1_281' title='bbox 651 3170 778 3215; x_wconf 73' lang='lat' dir='ltr'>necessaria.</span> <span class='ocrx_word' id='word_1_282' title='bbox 811 3172 872 3217; x_wconf 86' lang='lat' dir='ltr'>Vide</span> <span class='ocrx_word' id='word_1_283' title='bbox 891 3173 947 3219; x_wconf 85' lang='lat' dir='ltr'>Luc.</span> <span class='ocrx_word' id='word_1_284' title='bbox 969 3184 989 3216; x_wconf 89' lang='lat'>1.</span> <span class='ocrx_word' id='word_1_285' title='bbox 1013 3169 1054 3233; x_wconf 81' lang='lat'>56.</span> 
     </span>
     <span class='ocr_line' id='line_1_38' title="bbox 214 3228 1054 3298; baseline 0.01 -25"><span class='ocrx_word' id='word_1_286' title='bbox 214 3228 284 3273; x_wconf 86' lang='lat' dir='ltr'>multi</span> <span class='ocrx_word' id='word_1_287' title='bbox 301 3229 324 3274; x_wconf 88' lang='lat' dir='ltr'>in</span> <span class='ocrx_word' id='word_1_288' title='bbox 338 3229 474 3276; x_wconf 78' lang='lat' dir='ltr'>Aristotele:</span> <span class='ocrx_word' id='word_1_289' title='bbox 492 3229 517 3276; x_wconf 85' lang='lat' dir='ltr'>in</span> <span class='ocrx_word' id='word_1_290' title='bbox 529 3230 619 3277; x_wconf 79' lang='lat' dir='ltr'>Rotna-</span> <span class='ocrx_word' id='word_1_291' title='bbox 653 3246 701 3280; x_wconf 84' lang='lat'>111.</span> <span class='ocrx_word' id='word_1_292' title='bbox 715 3248 755 3295; x_wconf 82' lang='lat'>23·</span> <span class='ocrx_word' id='word_1_293' title='bbox 780 3233 890 3298; x_wconf 84' lang='lat' dir='ltr'>Joh.11.</span> <span class='ocrx_word' id='word_1_294' title='bbox 910 3236 933 3284; x_wconf 81' lang='lat'>6.</span> <span class='ocrx_word' id='word_1_295' title='bbox 958 3248 998 3283; x_wconf 77' lang='lat' dir='ltr'>rr.</span> <span class='ocrx_word' id='word_1_296' title='bbox 1015 3248 1054 3294; x_wconf 87' lang='lat' dir='ltr'>ro,</span> 
     </span>
     <span class='ocr_line' id='line_1_39' title="bbox 214 3290 823 3359; baseline 0.013 -23"><span class='ocrx_word' id='word_1_297' title='bbox 214 3293 249 3338; x_wconf 80' lang='lat' dir='ltr'>nis</span> <span class='ocrx_word' id='word_1_298' title='bbox 262 3290 430 3356; x_wconf 84' lang='lat' dir='ltr'>Jurisconsultis</span> <span class='ocrx_word' id='word_1_299' title='bbox 442 3292 489 3339; x_wconf 84' lang='lat' dir='ltr'>alii.</span> <span class='ocrx_word' id='word_1_300' title='bbox 653 3309 692 3359; x_wconf 79' lang='lat'>19·</span> <span class='ocrx_word' id='word_1_301' title='bbox 711 3309 768 3348; x_wconf 74' lang='lat' dir='ltr'>xlx.</span> <span class='ocrx_word' id='word_1_302' title='bbox 784 3314 794 3348; x_wconf 84' lang='lat' dir='ltr'>r</span> <span class='ocrx_word' id='word_1_303' title='bbox 815 3329 823 3349; x_wconf 83' lang='lat'><strong>.</strong></span> 
     </span>
    </p>

    <p class='ocr_par' dir='ltr' id='par_1_6' title="bbox 247 3355 619 3424">
     <span class='ocr_line' id='line_1_40' title="bbox 247 3355 619 3424; baseline 0.011 -21"><span class='ocrx_word' id='word_1_304' title='bbox 247 3370 264 3418; x_wconf 90' lang='lat'>4</span> <span class='ocrx_word' id='word_1_305' title='bbox 280 3357 330 3403; x_wconf 82' lang='lat' dir='ltr'>Cum</span> <span class='ocrx_word' id='word_1_306' title='bbox 335 3355 416 3421; x_wconf 76' lang='lat' dir='ltr'>soleant</span> <span class='ocrx_word' id='word_1_307' title='bbox 426 3358 466 3423; x_wconf 80' lang='lat' dir='ltr'>qui</span> <span class='ocrx_word' id='word_1_308' title='bbox 467 3355 532 3424; x_wconf 59' lang='lat' dir='ltr'>sada</span> <span class='ocrx_word' id='word_1_309' title='bbox 541 3356 619 3417; x_wconf 81' lang='lat' dir='ltr'>testan-</span> 
     </span>
    </p>
   </div>
   <div class='ocr_carea' id='block_1_4' title="bbox 984 3424 1059 3497">
    <p class='ocr_par' dir='ltr' id='par_1_7' title="bbox 984 3424 1059 3497">
     <span class='ocr_line' id='line_1_41' title="bbox 984 3424 1059 3497; baseline -0.04 -7"><span class='ocrx_word' id='word_1_310' title='bbox 984 3424 1059 3497; x_wconf 79' lang='lat' dir='ltr'>talia</span> 
     </span>
    </p>
   </div>
   <div class='ocr_carea' id='block_1_5' title="bbox 0 0 1182 4050">
    <p class='ocr_par' dir='ltr' id='par_1_8' title="bbox 0 0 1182 4050">
     <span class='ocr_line' id='line_1_42' title="bbox 0 0 1182 4050; baseline 0 0"><span class='ocrx_word' id='word_1_311' title='bbox 0 0 1182 4050; x_wconf 95' lang='lat' dir='ltr'> </span> 
     </span>
    </p>
   </div>
  </div>
 </body>
</html>
