2325 4050
207 329 227 375 2
342 306 902 379 llGnorrusnaVaMT.

202 430 372 505 materiam,
404 427 607 511 philosophica
629 427 800 503 subtilitate,
825 428 1079 501 ¹·Raenrunduso

203 512 372 589 Scbundus,
395 514 585 596 dialogorum
597 513 740 575 varietate
750 511 924 577 Ludovicus
933 512 1058 595 Vives,

201 601 336 660 maxima
364 615 466 660 autem
496 621 566 659 curn
598 598 776 673 eruditione,
810 614 876 660 turn
901 600 1050 665 facundia

199 683 309 746 uestras
337 683 491 763 Philippus
514 680 685 745 Mornaeus.
731 682 836 765 Qram
858 685 898 745 ob
920 689 1048 751 causam

200 769 291 829 videri
308 767 402 849 potest
417 769 515 851 magis:
527 791 564 829 cx
581 769 634 831 usu
656 766 751 845 fuisse,
774 768 908 854 alicujus,
918 770 1049 837 illorum

200 854 230 913 in
253 855 418 915 sermonem
438 853 614 935 popularem
638 853 744 929 versio,
773 876 866 935 quam
887 855 1049 921 inchoatio

198 939 269 1000 novi
289 940 396 1020 operis.
443 937 499 1000 Sed
518 940 590 1021 quid
610 939 662 1025 alii
684 940 741 1001 hac
767 939 803 999 de
827 962 858 1000 re
877 940 1046 1024 judicaturi

196 1022 265 1098 sint,
296 1024 411 1087 nesci0:
446 1024 634 1107 tequidem,
664 1040 727 1086 tarn
749 1024 882 1109 benigno
904 1047 940 1087 ac
960 1028 1046 1091 sacili

159 1160 162 1171 .
191 1110 307 1194 judice,
331 1109 418 1172 facile
428 1111 511 1189 spero
522 1132 571 1171 me
586 1107 665 1191 posse
679 1108 803 1184 absolvi,
825 1108 971 1189 fidicam,
992 1134 1047 1179 me

195 1194 280 1256 leeris
306 1217 367 1257 non
395 1194 454 1256 illis
481 1210 613 1268 tantum,
649 1194 695 1257 sed
726 1195 755 1257 δι
781 1193 961 1275 Judaeorum
988 1220 1047 1280 pro

193 1279 324 1362 Judaica
345 1296 457 1356 vetere,
480 1278 767 1342 &Christianorum
793 1302 847 1361 pro
870 1280 1046 1347 Christiana

194 1365 358 1451 Religione
374 1367 499 1448 scriptis,
523 1366 566 1427 uti
587 1363 710 1427 voluisse
733 1387 803 1426 meo
825 1365 1045 1451 qualicumque

187 1453 318 1538 judicio,
336 1453 476 1515 &animo
488 1451 558 1517 darc
570 1468 726 1535 negatam,
748 1472 819 1511 curn
829 1451 857 1512 id
870 1452 1043 1531 scriberem,

192 1540 309 1619 corpori
335 1538 515 1599 libertatern.
561 1534 779 1597 Existimabam
795 1537 876 1598 enirn
891 1560 946 1618 pro
961 1539 1044 1600 veri·
1082 1542 1086 1557 ¹

192 1640 253 1686 tate
265 1622 455 1704 certandum,
480 1622 509 1683 dc
524 1622 647 1703 quidem
663 1620 728 1697 tali,
751 1643 845 1704 quam
860 1622 919 1703 ipse
934 1624 1043 1707 animo

101 1756 105 1767 .
192 1690 405 1790 appsbbarem:
429 1705 535 1769 frussra
561 1708 644 1769 enim
666 1707 809 1769 daturum
830 1728 880 1768 me
903 1710 1044 1789 operam,

136 1791 1042 1876 'Wmmfflmmmfflffl-

115 1890 118 1896 '
192 1877 294 1941 sillem.
341 1878 448 1961 Itaque
463 1877 564 1962 selegi,
589 1901 626 1938 ex
639 1877 789 1939 veteribus
801 1899 836 1939 ac
847 1880 947 1954 novis,
971 1902 1044 1962 quae

99 1965 122 2031 [⁸
191 1965 266 2027 mihi
289 1965 316 2029 se
340 1965 507 2047 probabant
531 1966 675 2040 maxime,
703 1964 811 2026 omissis
838 1966 1040 2050 argumentis,

192 2074 263 2134 quae
287 2073 393 2132 parum
416 2051 489 2112 milri
514 2051 651 2130 ponderis
671 2050 782 2111 habere
795 2048 985 2126 videbantur,
1009 2053 1041 2114 dc

130 2142 132 2145 ’
192 2137 369 2199 audioritate
388 2158 494 2198 eorum
513 2135 671 2210 librorum,
694 2157 770 2218 quos
795 2134 959 2196 subdititios
981 2134 1041 2200 elle

113 2277 116 2282 .
193 2232 245 2290 aut
257 2239 339 2285 certo
352 2223 490 2297 sciebam,
513 2237 565 2282 aut
577 2222 685 2283 merito
694 2220 867 2302 suspicabar.
912 2219 1040 2302 Qubus

194 2325 295 2369 autem
317 2309 373 2389 ipse
394 2306 578 2382 assentiebar,
602 2329 637 2368 ea
653 2307 682 2368 δι
697 2307 800 2369 ordine
814 2322 898 2368 certo
912 2307 1039 2389 disposui

195 2394 226 2457 δι
251 2394 385 2475 exposui,
414 2415 506 2475 quam
529 2393 613 2473 potui
637 2393 769 2454 maxime
790 2391 985 2473 populariter,
1007 2393 1041 2456 dt

195 2477 325 2541 versibus
348 2477 463 2553 inclusi,
487 2500 548 2560 quo
563 2477 673 2540 ree‘lius
688 2479 842 2540 mernoriae
857 2477 1038 2539 mandaren-

196 2580 256 2627 tur.
301 2562 488 2646 Propositum
501 2564 581 2624 enim
593 2564 667 2626 mihi
683 2577 746 2630 erat
760 2562 900 2626 omnibus
915 2563 1039 2645 quidem

197 2650 310 2713 civibus
327 2650 411 2725 meis,
435 2649 482 2710 sed
502 2650 650 2731 praecipue
669 2648 892 2731 navigantibuS,
915 2670 1051 2736 operam¹

198 2757 308 2798 navare
324 2734 441 2810 utilem,
458 2748 491 2795 ut
502 2735 533 2795 in
545 2734 644 2819 longo·
651 2734 704 2797 illo
715 2734 833 2796 marino
843 2731 1038 2815 otiollriilen-

196 2822 303 2885 derent
318 2821 417 2902 potius
431 2836 562 2901 tempus,
586 2843 691 2904 quarn,
712 2820 796 2902 quod
807 2813 936 2882 nimium
947 2817 1040 2890 multi

236 2944 246 2976 1
266 2925 392 2976 Ramindus
407 2923 522 2984 sabaudus,
542 2924 601 2990 dcc]
635 2925 730 2984 imitati,
746 2931 769 2974 dt
788 2925 904 2973 interdum
913 2924 985 2970 etiam
997 2929 1040 2972 ef?

202 2995 289 3044 AEtate
300 2993 381 3049 Groui,
399 2988 423 3035 hi
440 3002 505 3037 erant
515 2991 603 3054 potissi·
634 2991 745 3053 pilarunt.
777 2993 854 3051 Qare
884 2989 957 3050 prima
986 2995 1038 3035 tam

200 3060 234 3108 mi
254 3076 280 3105 ea
302 3059 329 3103 de
349 3071 373 3102 re
386 3056 525 3119 Scriptoree3
541 3054 578 3101 sed
591 3070 604 3102 ι
635 3056 681 3118 piae
692 3059 713 3100 a
725 3066 775 3102 tarn
789 3053 916 3102 necessaria
932 3051 1040 3114 scriptio-

201 3125 277 3171 Grotir'
297 3137 347 3169 avo
369 3120 483 3166 innumeri
503 3120 603 3180 Scripto-
635 3121 671 3166 nis
698 3118 769 3179 gloria
790 3120 818 3166 ad
840 3131 894 3165 eum
918 3117 1039 3168 redundat.

201 3203 246 3244 res,
264 3185 360 3247 Anglice
373 3183 496 3245 praesertrm
509 3188 531 3230 te
543 3182 604 3230 Gal·
633 3185 744 3231 Cetemm
762 3183 789 3243 li,
813 3197 869 3245 quoe
884 3181 979 3228 nomine
997 3183 1041 3228 ad·

203 3253 266 3309 lice,
299 3254 328 3297 de
349 3249 454 3295 veritate
479 3248 605 3309 Religioni·
665 3248 716 3306 liat,
758 3250 862 3296 nondum
901 3245 1040 3308 praedarum

114 3311 117 3318 ’
204 3317 339 3368 Chrifiimae
361 3313 513 3375 scripserunt3
549 3328 606 3373 quoe
655 3329 683 3360 oc
698 3323 860 3372 argumentum
878 3319 1082 3368 conduxeram·

206 3389 284 3427 tamen
307 3378 411 3440 exemplo
436 3377 475 3424 suo
499 3377 607 3424 excitavit
636 3377 742 3440 quamvis
760 3379 799 3442 pio
815 3373 1042 3438 animosuipterint.

205 3445 302 3506 Grotius,
317 3459 385 3507 quem
402 3442 536 3492 recentiore!
552 3440 607 3492 sunt
636 3441 739 3493 (lmus.
913 3445 1042 3566 faciunt'
1077 3505 1081 3516 Ι

1032 3543 1044 3578 a
