2325 4050
299 276 624 343 erCrrrrsr.
662 276 757 341 err.
781 278 822 342 11.
938 300 980 366 97

161 424 212 466 uae
235 401 272 464 ad
291 404 460 464 humanum
482 422 592 483 eorpus
615 401 769 482 pertinuit,
792 414 907 482 partes3
929 416 982 464 aut

134 418 237 551 decise
258 489 285 548 ei
307 487 486 568 potentiam,
509 508 570 567 qua
589 506 640 547 eas
663 485 798 560 reducat,
821 502 912 567 atque
934 508 982 547 re-

136 587 321 654 componat,
343 571 483 653 idemque
499 570 589 631 saciat
604 571 634 632 in
657 572 710 633 suo
732 571 880 645 universo,
902 572 985 652 quod

137 661 175 721 in
199 657 385 731 fornacibus,
408 670 460 717 aut
482 653 568 729 vasis,
592 655 689 717 facere
709 654 877 741 Chymicos
900 656 984 716 vide-

138 764 225 818 muS,
248 757 294 818 ut,
316 763 385 824 quae
400 760 571 824 congenera
587 740 665 815 sunt,
687 742 824 822 quamvis
847 740 983 825 disjedia,

140 825 314 911 colligant?
345 825 392 887 Ut
414 845 498 901 vero,
520 826 617 905 specie
638 827 831 907 quantumvis
854 839 985 901 mutata,

142 927 309 976 testamen
325 910 362 971 ad
378 909 501 993 originis
516 910 575 971 suae
590 909 720 971 formam
739 911 852 987 redeat,
876 913 938 997 ejus
954 911 985 972 δι

143 998 176 1061 in
188 1018 290 1059 rerum
305 1010 411 1057 natura
426 994 565 1076 exempla
580 994 658 1069 sunt,
675 1010 709 1056 ut
724 995 755 1056 in
766 996 906 1057 arborum
919 997 985 1057 ani-

142 1083 358 1163 mantiumque
372 1079 541 1141 seminibus.
566 1079 679 1162 Neque
694 1079 856 1143 insolubilis
868 1081 909 1142 est
921 1082 988 1159 illeq

141 1168 198 1250 qui
211 1164 338 1228 imultis
351 1165 480 1227 nediitur
488 1164 585 1226 nodus
597 1166 634 1226 de
645 1165 784 1228 humanis
797 1167 986 1248 corporibus,

142 1275 216 1335 quae
230 1251 406 1312 inferarum
422 1264 475 1311 aut
490 1250 641 1331 pecudum
656 1249 799 1312 alimenta
820 1253 985 1328 transeunt,

144 1336 257 1420 quibus
271 1337 313 1397 ita
328 1334 415 1416 pastis
431 1335 568 1396 homines
584 1335 693 1396 iterum
710 1335 875 1414 pascantur.
899 1336 986 1400 Nam

110 1445 113 1454 ·
145 1442 267 1497 eorum,
290 1443 359 1502 quae
379 1419 592 1494 comeduntur,
623 1441 690 1500 pars
712 1421 844 1480 maxima
867 1442 929 1481 non
954 1422 987 1485 in

144 1507 281 1586 corporis
303 1502 394 1569 nostri
420 1519 536 1585 partem
559 1504 632 1579 abit,
655 1504 703 1565 sed
729 1504 760 1565 in
781 1519 985 1580 excrementa,

145 1606 201 1653 aut
220 1591 397 1652 acceffiones
420 1590 571 1669 corporis;
596 1588 700 1670 quales
725 1589 791 1652 sunt
813 1589 842 1651 dr
865 1592 985 1671 pituita,

144 1676 176 1739 ἃ
191 1675 276 1738 bilis:
299 1674 329 1736 ἃ
344 1673 381 1735 de
395 1695 446 1748 eo,
468 1674 549 1755 quod
573 1674 670 1735 alendi
694 1674 756 1735 vim
776 1675 878 1750 habet,
902 1698 985 1737 mor-

144 1761 205 1836 bis,
227 1761 345 1829 intemo
359 1757 472 1835 calore,
493 1759 674 1821 circumfuso
693 1766 760 1821 aete
783 1761 914 1823 multum
929 1762 985 1822 ab-

144 1846 290 1909 sumitur:
323 1864 490 1926 quat-cum
516 1845 559 1905 ita
587 1841 656 1920 fint,
686 1843 786 1920 Deus,
816 1847 868 1927 qui
892 1848 985 1907 etiam

145 1944 301 1993 mutorum
312 1928 510 1990 animantium
523 1950 633 2013 genera
644 1930 685 1991 ita
696 1942 793 2005 curat,
815 1946 849 1992 ut
864 1930 984 1992 nullum

146 2037 254 2078 eorum
269 2015 407 2090 intereat,
431 2012 526 2095 potest
540 2016 680 2077 humanis
694 2016 867 2097 corporibus
882 2014 984 2100 singu-

145 2100 201 2162 lari
225 2100 355 2182 quadam
381 2121 453 2161 cura
478 2100 662 2181 prospicere;
693 2114 727 2161 ut
748 2101 830 2183 quod
852 2101 920 2161 inde
947 2101 984 2161 ad

144 2183 274 2248 aliorum
288 2186 448 2248 hominum
463 2185 560 2245 escam
577 2186 724 2266 pervenit,
747 2207 809 2246 non
833 2186 929 2268 magis
952 2186 985 2247 in

141 2268 338 2334 'substantiam
352 2292 458 2332 eorum
472 2284 617 2345 vertatur,
639 2291 732 2351 quam
746 2269 841 2332 solent
854 2291 984 2346 venena,

144 2369 199 2417 aut
214 2355 453 2427 medicamenta;
476 2375 574 2435 eoque
594 2355 703 2437 magis,
726 2355 808 2437 quod
830 2354 911 2438 quasi
926 2378 982 2417 na-

143 2438 282 2502 turaliter
296 2439 411 2501 constet
429 2440 596 2501 humanam
618 2461 740 2502 carnem
764 2441 800 2501 ad
824 2442 985 2503 hominum

142 2523 261 2587 vidium
276 2545 339 2586 non
350 2525 460 2586 datam.
506 2523 541 2585 Id
556 2523 577 2585 fi
591 2546 655 2588 non
670 2523 716 2599 sit,
740 2525 774 2586 dr
785 2523 878 2601 aliud,
901 2525 984 2607 quod

143 2607 296 2689 posteriori
321 2610 437 2690 corpori
461 2608 581 2669 aliunde
604 2607 764 2684 access'erit,
787 2610 855 2670 inde
878 2610 985 2670 debeat
1008 2637 1009 2641 ¹

143 2692 300 2769 decedere,
323 2715 386 2755 non
400 2694 460 2756 hoc
475 2709 576 2755 tamen
592 2693 712 2768 efficiet,
736 2709 770 2755 ut
782 2716 844 2756 non
856 2695 934 2768 idern
947 2692 982 2757 fit

121 2791 267 2860 'corpus‚
289 2785 388 2840 ⁹cum
405 2780 498 2842 etiam
517 2779 548 2841 in
568 2780 625 2841 hac
640 2777 701 2842 vita
714 2781 810 2865 major
824 2782 982 2864 contingat

850 2882 981 2947 particu-

178 2983 192 3031 9
204 2967 255 3014 Cum
265 2968 328 3015 eriam
336 2970 360 3028 iu¹
369 2968 410 3015 hac
421 2969 473 3016 vita
483 2967 549 3031 major
581 2981 639 3017 terea
650 2970 712 3034 quod,
724 2983 747 3016 ut
754 2969 817 3017 Philo
826 2971 875 3035 ophi
882 2972 982 3026 dicerent,

140 3031 251 3094 contingat
263 3033 420 3094 parricudzrrrm
437 3031 548 3097 mutatio]
580 3051 607 3080 ex
623 3034 698 3098 quibus
710 3034 824 3098 particulis
834 3037 923 3083 minimis
933 3050 981 3077 con-

142 3093 244 3140 Alfenun
268 3098 292 3141 in
316 3096 334 3142 l.
368 3097 547 3158 Proponebatur.
573 3097 698 3161 stiterimus,
714 3101 750 3145 hae
761 3100 853 3163 quotidie
864 3118 889 3146 ex
901 3109 983 3159 corpore

141 3158 175 3205 D.
195 3159 223 3203 de
243 3159 347 3224 Judiciis.
381 3160 447 3224 Qud
459 3162 484 3222 fl
502 3163 549 3227 quir
579 3164 645 3226 nostro
655 3162 780 3219 decederent,
797 3164 887 3226 aliaque
898 3162 982 3206 extrin-

137 3233 228 3287 putaret
244 3223 344 3285 paredus
360 3226 496 3283 commutaris,
521 3244 548 3273 a·
574 3227 667 3290 securr'rr
688 3243 758 3274 earum
775 3227 837 3272 Iocum
854 3223 982 3273 accederent.

142 3287 197 3332 liam
217 3303 260 3333 rem
273 3288 337 3351 fieri,
357 3287 411 3351 fore
427 3300 451 3334 ur
467 3287 547 3352 exejus
579 3293 662 3338 Seneca
671 3289 770 3351 Epist012
783 3304 866 3354 rvrrr.
890 3290 983 3350 Corpora

141 3351 225 3396 ratione
236 3367 270 3396 nor
280 3353 320 3416 ipſs
329 3369 368 3398 non
383 3351 446 3400 iidem
457 3351 547 3416 effertur,
578 3354 647 3418 nostra
658 3355 772 3418 rapiuntur
783 3352 896 3415 fluminum
911 3369 977 3398 more.-

140 3416 181 3486 χιιι
192 3412 271 3463 abhinc
281 3415 466 3480 annofug'ffmurr
478 3428 547 3483 prop-
578 3418 683 3529 {nequid
698 3416 760 3468 vida
781 3416 848 3466 currit
867 3434 910 3467 cum
929 3428 981 3461 rern-

916 3493 967 3545 μη
973 3497 981 3527 ὅ
