2325 4050
288 310 635 380 dennuni-tn
669 304 872 385 Lm'h..
937 314 1002 392 275

159 429 265 516 nebat)
289 433 417 495 credunt
437 450 544 500 omnes
563 425 742 502 Christiani3
763 448 822 490 nec
844 426 1000 518 disc‘rime'n

158 515 256 579 ullum
273 515 326 594 est,
348 515 403 579 nisi
417 515 499 597 quod
514 513 654 578 nonnulli
669 513 748 589 hisce
758 511 857 575 multa
868 511 1015 586 addunti

158 602 267 682 quibus
290 602 439 684 superiora
459 600 603 683 dogmata
625 596 781 679 explicari,
803 602 857 659 aui
879 596 999 677 supple·

157 687 268 748 mentis
283 687 386 773 augeri
401 701 539 765 oportere
553 696 673 766 putant,
696 683 726 745 δι
741 704 810 766 quae
824 692 887 744 ndu
897 680 1000 763 Scrip-

156 769 195 832 tis
221 766 415 852 Apostolicis,
449 771 498 832 sed
522 768 681 853 traditione
706 788 742 829 ac
767 769 822 829 usu
843 765 999 843 Ecclefiae',

158 853 314 935 Scriptisve
336 855 532 937 posteriorum
555 856 692 928 aetaium,
716 851 754 912 ad
774 851 906 933 pollerds
926 874 998 933 pro-

157 954 268 1022 pagata
282 940 463 1004 existimant.
506 937 651 1002 Dehisce
671 937 894 1016 uddltu'im‘eniis,¹
915 938 999 1001 aliud

158 1025 233 1085 nihil
256 1025 368 1100 dicam,
391 1025 445 1088 nifi
466 1023 549 1107 quod
569 1025 635 1108 jum
656 1020 782 1096 monui3
813 1022 852 1084 de
874 1023 910 1085 iis
932 1025 998 1086 non

156 1109 304 1184 constare,
327 1112 404 1171 inter
418 1107 617 1183 Christianos,
640 1106 898 1189 quemadmodum
919 1129 997 1171 con·

131 1190 133 1194 ⁸
156 1191 214 1255 stat
232 1195 270 1255 de
290 1194 482 1278 dogmatibus
496 1191 654 1274 expositim
677 1212 746 1274 quae
761 1191 841 1268 sunt,
862 1194 913 1255 sua
927 1216 998 1275 per·

157 1279 325 1358 spicuitate,
347 1294 434 1342 extra
448 1298 572 1342 omnem
591 1276 746 1340 dubitandi
769 1276 866 1339 aleam
890 1277 997 1360 posna,

157 1361 180 1424 fi
202 1363 296 1426 modo
316 1364 476 1446 Scripturae
499 1362 597 1426 Sacrae
619 1361 780 1424 audioritas
803 1363 996 1439 admittatur3

156 1458 252 1530 quam
265 1470 356 1512 nemo
371 1451 471 1526 sanus»,
493 1449 571 1510 inter
584 1444 782 1521 Christianos,
804 1449 909 1533 rejicit.

160 1580 163 1587 .
203 1533 233 1594 Si
262 1534 328 1616 quis
356 1537 467 1597 hor'um
494 1534 673 1616 dogmatum
701 1550 819 1594 memor
846 1533 999 1614 expendat

158 1635 350 1701 argumenta,
372 1621 481 1702 quibus
501 1618 670 1702 Religionis
685 1615 863 1679 Christianae
877 1619 999 1682 Veritas

158 1704 314 1784 probatur,
322 1702 748 1785 animadvertethuodprobe
756 1702 901 1765 observari
909 1722 997 1788 mag·

157 1789 191 1849 ni
206 1786 339 1869 interest)
355 1789 417 1850 vim
431 1809 555 1851 omnem
569 1803 819 1871 argumentorum
832 1790 913 1851 circa
931 1791 998 1853 haec

157 1873 277 1949 ¹versari,
311 1895 374 1935 non
399 1873 690 1936 circa-,controversa
712 1872 764 1934 illa
787 1874 899 1955 capim,
929 1897 999 1958 quae

158 1957 263 2019 orbem
275 1956 479 2022 Christianum
492 1957 629 2020 dividunt
637 1979 653 2019 ε·
667 1957 924 2041 quemadmodum
933 1963 999 2048 jam

159 2065 323 2106 innuimus.
877 2085 887 2103 ι

160 2190 180 2276 §
194 2190 237 2256 V.
261 2194 340 2257 Unde
353 2214 567 2275 unumquemque
582 2192 738 2277 Religionis
750 2193 924 2279 Christiana
937 2216 999 2277 cog·

372 2278 504 2341 nitionem
518 2279 635 2342 haurire
652 2293 784 2362 oporteat.

203 2374 244 2437 Iu
270 2377 330 2439 hoc
355 2374 596 2439 Christianorum
620 2376 756 2455 dill'ensu,
784 2378 999 2461 consensuque,

156 2460 236 2525 nihil
256 2463 350 2523 tutius
371 2462 533 2543 prudentes
552 2463 743 2547 judicabunt,
765 2486 856 2547 quam
872 2462 1000 2526 Christi-

159 2567 229 2608 anae
256 2544 325 2608 Reli
349 2548 426 2609 ionis
454 2548 662 2631 cognitionem
692 2570 730 2609 ex
759 2550 843 2611 fonte'
875 2550 1001 2610 minime

161 2631 307 2712 suspedio,
373 2652 467 2714 quem
489 2632 597 2695 'omnes
616 2632 811 2715 incomptum
834 2656 870 2697 ac
889 2654 1001 2715 purum
1052 2678 1054 2684 ·

161 2718 253 2779 liuere
268 2718 412 2792 fatentur,
426 2718 556 2779 haurire.
587 2716 617 2780 Is
633 2733 735 2781 autem
749 2720 817 2781 fons
832 2718 875 2781 est
888 2718 1002 2782 nullius

162 2799 317 2885 singularis
342 2801 485 2866 Ecclesue
508 2801 593 2865 Fidei
616 2802 807 2889 Symbolum,
837 2818 890 2867 aut
912 2801 1001 2867 Con·

154 2887 255 2964 ¹sellio,
278 2888 326 2950 sed
346 2886 431 2951 Libri
452 2887 505 2951 soli
519 2887 604 2951 Novi
619 2885 824 2966 Testamenti,
845 2910 922 2973 quos
966 2912 1000 2952 e-

156 2974 272 3035 ·nuinos
287 2971 343 3035 elle
357 2985 464 3037 omnes
484 2974 661 3057 agnoscunt.
705 2972 817 3037 Fateor
835 2912 1001 3039 nonnullos

155 3055 402 3121 cmiffianorum
424 3059 576 3123 interdum
601 3059 736 3123 delitare
757 3081 821 3123 non
844 3058 923 3141 polle
948 3082 1001 3124 eos

156 3141 273 3204 Libros
295 3143 435 3228 intelligi,
457 3144 572 3208 nisiex
594 3144 733 3207 dodirina
753 3142 897 3206 Ecclefiae
922 3144 1001 3221 suae;

156 3227 213 3291 ,led
235 3228 265 3289 δι
285 3226 335 3287 alii
355 3232 502 3292 continuo
516 3229 694 3304 reclamant,
716 3230 759 3305 &,'
781 3244 817 3291 ut
831 3231 892 3290 hoc
905 3251 1003 3293 unum

157 3311 276 3387 dicam,
298 3312 428 3395 suspeua
442 3313 485 3377 est
498 3316 654 3390 sententia,
677 3333 746 3397 quae
760 3314 865 3378 nititur
883 3329 1004 3379 tantum

164 3396 336 3466 testimonio
349 3397 587 3473 adunandum,
609 3419 776 3485 eorumque
791 3397 923 3484 quorum
936 3420 1005 3497 ma·

924 3504 1010 3556 xime
