<?xml version="1.0" encoding="UTF-8"?>
<!DOCTYPE html PUBLIC "-//W3C//DTD XHTML 1.0 Transitional//EN"
    "http://www.w3.org/TR/xhtml1/DTD/xhtml1-transitional.dtd">
<html xmlns="http://www.w3.org/1999/xhtml" xml:lang="en" lang="en">
 <head>
  <title>
</title>
<meta http-equiv="Content-Type" content="text/html;charset=utf-8" />
  <meta name='ocr-system' content='tesseract 3.04.00' />
  <meta name='ocr-capabilities' content='ocr_page ocr_carea ocr_par ocr_line ocrx_word'/>
</head>
<body>
  <div class='ocr_page' id='page_1' title='image "./hugogrotiusdeve00clergoog_0191.png"; bbox 0 0 2325 4050; ppageno 0'>
   <div class='ocr_carea' id='block_1_1' title="bbox 298 314 992 406">
    <p class='ocr_par' dir='ltr' id='par_1_1' title="bbox 298 314 992 406">
     <span class='ocr_line' id='line_1_1' title="bbox 298 314 992 406; baseline 0.022 -26"><span class='ocrx_word' id='word_1_1' title='bbox 298 314 628 383; x_wconf 66' lang='lat' dir='ltr'>RreCuerrr.</span> <span class='ocrx_word' id='word_1_2' title='bbox 663 315 840 385; x_wconf 61' lang='grc' dir='ltr'>ΜΝ·</span> <span class='ocrx_word' id='word_1_3' title='bbox 927 324 992 406; x_wconf 73' lang='grc'>173</span> 
     </span>
    </p>
   </div>
   <div class='ocr_carea' id='block_1_2' title="bbox 145 434 1022 2216">
    <p class='ocr_par' dir='ltr' id='par_1_2' title="bbox 145 434 1022 2216">
     <span class='ocr_line' id='line_1_2' title="bbox 147 434 989 522; baseline 0.001 -22"><span class='ocrx_word' id='word_1_4' title='bbox 147 439 178 501; x_wconf 87' lang='lat' dir='ltr'>se</span> <span class='ocrx_word' id='word_1_5' title='bbox 192 436 263 522; x_wconf 84' lang='lat' dir='ltr'>cogi</span> <span class='ocrx_word' id='word_1_6' title='bbox 277 435 423 515; x_wconf 81' lang='lat' dir='ltr'>dicerent,</span> <span class='ocrx_word' id='word_1_7' title='bbox 444 456 517 512; x_wconf 84' lang='lat' dir='ltr'>cum</span> <span class='ocrx_word' id='word_1_8' title='bbox 541 450 644 500; x_wconf 75' lang='lat' dir='ltr'>tamen</span> <span class='ocrx_word' id='word_1_9' title='bbox 666 434 745 499; x_wconf 87' lang='lat' dir='ltr'>inter</span> <span class='ocrx_word' id='word_1_10' title='bbox 768 434 989 517; x_wconf 72' lang='lat' dir='ltr'>snpientiffitnoe</span> 
     </span>
     <span class='ocr_line' id='line_1_3' title="bbox 149 519 991 607; baseline 0.001 -22"><span class='ocrx_word' id='word_1_11' title='bbox 149 525 243 585; x_wconf 86' lang='lat' dir='ltr'>etiam</span> <span class='ocrx_word' id='word_1_12' title='bbox 255 520 447 607; x_wconf 74' lang='lat' dir='ltr'>Paganorum</span> <span class='ocrx_word' id='word_1_13' title='bbox 460 519 588 596; x_wconf 85' lang='lat' dir='ltr'>constet,</span> <span class='ocrx_word' id='word_1_14' title='bbox 610 521 642 586; x_wconf 93' lang='lat' dir='ltr'>in</span> <span class='ocrx_word' id='word_1_15' title='bbox 656 521 753 583; x_wconf 78' lang='lat' dir='ltr'>verbio</span> <span class='ocrx_word' id='word_1_16' title='bbox 767 520 883 585; x_wconf 74' lang='lat' dir='ltr'>nullam</span> <span class='ocrx_word' id='word_1_17' title='bbox 894 521 991 587; x_wconf 80' lang='lat' dir='ltr'>telem</span> 
     </span>
     <span class='ocr_line' id='line_1_4' title="bbox 147 603 991 689; baseline 0.002 -21"><span class='ocrx_word' id='word_1_18' title='bbox 147 611 213 670; x_wconf 89' lang='lat' dir='ltr'>vim</span> <span class='ocrx_word' id='word_1_19' title='bbox 232 604 288 669; x_wconf 83' lang='lat' dir='ltr'>esse</span> <span class='ocrx_word' id='word_1_20' title='bbox 308 604 388 689; x_wconf 78' lang='lat' dir='ltr'>poll&#39;e</span> <span class='ocrx_word' id='word_1_21' title='bbox 407 603 504 680; x_wconf 83' lang='lat' dir='ltr'>fitam,</span> <span class='ocrx_word' id='word_1_22' title='bbox 526 605 574 670; x_wconf 88' lang='lat' dir='ltr'>sed</span> <span class='ocrx_word' id='word_1_23' title='bbox 590 605 729 671; x_wconf 78' lang='lat' dir='ltr'>suadendi</span> <span class='ocrx_word' id='word_1_24' title='bbox 744 620 877 682; x_wconf 78' lang='lat' dir='ltr'>tanturn,</span> <span class='ocrx_word' id='word_1_25' title='bbox 897 604 991 689; x_wconf 85' lang='lat' dir='ltr'>idque</span> 
     </span>
     <span class='ocr_line' id='line_1_5' title="bbox 148 688 993 779; baseline 0.004 -25"><span class='ocrx_word' id='word_1_26' title='bbox 148 715 206 774; x_wconf 88' lang='lat' dir='ltr'>pro</span> <span class='ocrx_word' id='word_1_27' title='bbox 217 691 310 756; x_wconf 89' lang='lat' dir='ltr'>modo</span> <span class='ocrx_word' id='word_1_28' title='bbox 320 688 554 779; x_wconf 77' lang='lat' dir='ltr'>lignifieationir.</span> <span class='ocrx_word' id='word_1_29' title='bbox 600 689 693 755; x_wconf 72' lang='lat' dir='ltr'>Est&amp;</span> <span class='ocrx_word' id='word_1_30' title='bbox 708 689 832 755; x_wconf 89' lang='lat' dir='ltr'>illorum</span> <span class='ocrx_word' id='word_1_31' title='bbox 844 692 993 776; x_wconf 71' lang='lat' dir='ltr'>nequitiae</span> 
     </span>
     <span class='ocr_line' id='line_1_6' title="bbox 149 774 990 861; baseline 0.001 -22"><span class='ocrx_word' id='word_1_32' title='bbox 149 777 307 851; x_wconf 92' lang='lat' dir='ltr'>indicium,</span> <span class='ocrx_word' id='word_1_33' title='bbox 329 775 411 859; x_wconf 93' lang='lat' dir='ltr'>quod</span> <span class='ocrx_word' id='word_1_34' title='bbox 429 776 482 837; x_wconf 88' lang='lat' dir='ltr'>¹in</span> <span class='ocrx_word' id='word_1_35' title='bbox 497 796 633 838; x_wconf 87' lang='lat' dir='ltr'>amorem</span> <span class='ocrx_word' id='word_1_36' title='bbox 643 775 718 858; x_wconf 86' lang='lat' dir='ltr'>srepe</span> <span class='ocrx_word' id='word_1_37' title='bbox 729 776 818 861; x_wconf 84' lang='lat' dir='ltr'>hujus</span> <span class='ocrx_word' id='word_1_38' title='bbox 830 790 884 839; x_wconf 87' lang='lat' dir='ltr'>aut</span> <span class='ocrx_word' id='word_1_39' title='bbox 894 774 990 853; x_wconf 88' lang='lat' dir='ltr'>illius,</span> 
     </span>
     <span class='ocr_line' id='line_1_7' title="bbox 148 859 988 942; baseline 0 -20"><span class='ocrx_word' id='word_1_40' title='bbox 148 863 233 922; x_wconf 89' lang='lat' dir='ltr'>hunc</span> <span class='ocrx_word' id='word_1_41' title='bbox 252 861 375 922; x_wconf 89' lang='lat' dir='ltr'>illumve</span> <span class='ocrx_word' id='word_1_42' title='bbox 395 861 574 925; x_wconf 77' lang='lat' dir='ltr'>renitentem</span> <span class='ocrx_word' id='word_1_43' title='bbox 597 861 626 925; x_wconf 88' lang='lat' dir='ltr'>se</span> <span class='ocrx_word' id='word_1_44' title='bbox 649 859 828 942; x_wconf 67' lang='lat' dir='ltr'>pellediuros</span> <span class='ocrx_word' id='word_1_45' title='bbox 851 861 988 942; x_wconf 85' lang='lat' dir='ltr'>suscipie-</span> 
     </span>
     <span class='ocr_line' id='line_1_8' title="bbox 149 944 988 1032; baseline 0.004 -24"><span class='ocrx_word' id='word_1_46' title='bbox 149 948 236 1021; x_wconf 79' lang='lat' dir='ltr'>bant,</span> <span class='ocrx_word' id='word_1_47' title='bbox 266 961 318 1009; x_wconf 86' lang='lat' dir='ltr'>aut</span> <span class='ocrx_word' id='word_1_48' title='bbox 340 966 417 1007; x_wconf 83' lang='lat' dir='ltr'>vana</span> <span class='ocrx_word' id='word_1_49' title='bbox 439 944 669 1027; x_wconf 86' lang='lat' dir='ltr'>pollicitatione,</span> <span class='ocrx_word' id='word_1_50' title='bbox 696 961 753 1009; x_wconf 77' lang='lat' dir='ltr'>eut</span> <span class='ocrx_word' id='word_1_51' title='bbox 774 944 885 1011; x_wconf 54' lang='lat' dir='ltr'>effe&amp;</span> <span class='ocrx_word' id='word_1_52' title='bbox 907 947 988 1032; x_wconf 83' lang='lat' dir='ltr'>inju-</span> 
     </span>
     <span class='ocr_line' id='line_1_9' title="bbox 148 1029 994 1113; baseline 0.002 -21"><span class='ocrx_word' id='word_1_53' title='bbox 148 1029 237 1103; x_wconf 79' lang='lat' dir='ltr'>rios13</span> <span class='ocrx_word' id='word_1_54' title='bbox 259 1039 359 1093; x_wconf 83' lang='lat' dir='ltr'>²oum</span> <span class='ocrx_word' id='word_1_55' title='bbox 373 1031 433 1093; x_wconf 91' lang='lat' dir='ltr'>hoc</span> <span class='ocrx_word' id='word_1_56' title='bbox 446 1029 539 1091; x_wconf 82' lang='lat' dir='ltr'>etiarn</span> <span class='ocrx_word' id='word_1_57' title='bbox 553 1032 695 1093; x_wconf 83' lang='lat' dir='ltr'>humanae</span> <span class='ocrx_word' id='word_1_58' title='bbox 715 1029 809 1113; x_wconf 80' lang='lat' dir='ltr'>leges,</span> <span class='ocrx_word' id='word_1_59' title='bbox 831 1046 994 1113; x_wconf 77' lang='lat' dir='ltr'>tamquam</span> 
     </span>
     <span class='ocr_line' id='line_1_10' title="bbox 147 1112 987 1196; baseline 0.006 -19"><span class='ocrx_word' id='word_1_60' title='bbox 147 1112 342 1190; x_wconf 82' lang='lat' dir='ltr'>veneficium,</span> <span class='ocrx_word' id='word_1_61' title='bbox 365 1115 553 1181; x_wconf 81' lang='lat' dir='ltr'>interdicant.</span> <span class='ocrx_word' id='word_1_62' title='bbox 598 1113 712 1196; x_wconf 84' lang='lat' dir='ltr'>Neque</span> <span class='ocrx_word' id='word_1_63' title='bbox 725 1116 779 1192; x_wconf 80' lang='lat' dir='ltr'>eil,</span> <span class='ocrx_word' id='word_1_64' title='bbox 825 1117 884 1179; x_wconf 91' lang='lat' dir='ltr'>uod</span> <span class='ocrx_word' id='word_1_65' title='bbox 895 1117 987 1181; x_wconf 82' lang='lat' dir='ltr'>mire-</span> 
     </span>
     <span class='ocr_line' id='line_1_11' title="bbox 149 1138 988 1282; baseline 0.004 -21"><span class='ocrx_word' id='word_1_66' title='bbox 149 1216 200 1261; x_wconf 88' lang='lat' dir='ltr'>tur</span> <span class='ocrx_word' id='word_1_67' title='bbox 220 1199 389 1282; x_wconf 84' lang='lat' dir='ltr'>quisquam,</span> <span class='ocrx_word' id='word_1_68' title='bbox 419 1197 532 1280; x_wconf 76' lang='lat' dir='ltr'>pallum</span> <span class='ocrx_word' id='word_1_69' title='bbox 555 1196 613 1261; x_wconf 81' lang='lat' dir='ltr'>effe</span> <span class='ocrx_word' id='word_1_70' title='bbox 635 1199 786 1261; x_wconf 86' lang='lat' dir='ltr'>summum</span> <span class='ocrx_word' id='word_1_71' title='bbox 802 1138 922 1278; x_wconf 64' lang='lat' dir='ltr'>ikum,</span> <span class='ocrx_word' id='word_1_72' title='bbox 953 1218 988 1264; x_wconf 93' lang='lat' dir='ltr'>ut</span> 
     </span>
     <span class='ocr_line' id='line_1_12' title="bbox 148 1281 988 1366; baseline 0.004 -19"><span class='ocrx_word' id='word_1_73' title='bbox 148 1285 225 1347; x_wconf 86' lang='lat' dir='ltr'>mira</span> <span class='ocrx_word' id='word_1_74' title='bbox 236 1283 376 1366; x_wconf 79' lang='lat' dir='ltr'>qnaedam</span> <span class='ocrx_word' id='word_1_75' title='bbox 388 1284 406 1347; x_wconf 69' lang='lat' dir='ltr'>i</span> <span class='ocrx_word' id='word_1_76' title='bbox 417 1285 514 1364; x_wconf 87' lang='lat' dir='ltr'>pravis</span> <span class='ocrx_word' id='word_1_77' title='bbox 527 1281 683 1364; x_wconf 86' lang='lat' dir='ltr'>Spiritibus</span> <span class='ocrx_word' id='word_1_78' title='bbox 695 1284 852 1349; x_wconf 83' lang='lat' dir='ltr'>ederentur</span> <span class='ocrx_word' id='word_1_79' title='bbox 859 1310 869 1359; x_wconf 69' lang='grc' dir='ltr'><strong>ι</strong></span> <span class='ocrx_word' id='word_1_80' title='bbox 893 1290 988 1349; x_wconf 86' lang='lat' dir='ltr'>³cum</span> 
     </span>
     <span class='ocr_line' id='line_1_13' title="bbox 148 1365 989 1451; baseline 0.002 -20"><span class='ocrx_word' id='word_1_81' title='bbox 148 1368 251 1431; x_wconf 87' lang='lat' dir='ltr'>deludi</span> <span class='ocrx_word' id='word_1_82' title='bbox 273 1367 383 1431; x_wconf 78' lang='lat' dir='ltr'>talibus</span> <span class='ocrx_word' id='word_1_83' title='bbox 405 1366 558 1451; x_wconf 80' lang='lat' dir='ltr'>praestigiis</span> <span class='ocrx_word' id='word_1_84' title='bbox 581 1369 680 1431; x_wconf 86' lang='lat' dir='ltr'>meriti</span> <span class='ocrx_word' id='word_1_85' title='bbox 701 1365 805 1446; x_wconf 77' lang='lat' dir='ltr'>eilent,</span> <span class='ocrx_word' id='word_1_86' title='bbox 828 1369 912 1450; x_wconf 78' lang='lat' dir='ltr'>quii</span> <span class='ocrx_word' id='word_1_87' title='bbox 925 1372 989 1435; x_wconf 86' lang='lat' dir='ltr'>veri</span> 
     </span>
     <span class='ocr_line' id='line_1_14' title="bbox 149 1450 988 1535; baseline -0.004 -16"><span class='ocrx_word' id='word_1_88' title='bbox 149 1450 212 1519; x_wconf 86' lang='lat' dir='ltr'>Dei</span> <span class='ocrx_word' id='word_1_89' title='bbox 235 1452 321 1515; x_wconf 89' lang='lat' dir='ltr'>cultu</span> <span class='ocrx_word' id='word_1_90' title='bbox 343 1453 458 1533; x_wconf 85' lang='lat' dir='ltr'>pridem</span> <span class='ocrx_word' id='word_1_91' title='bbox 471 1453 653 1516; x_wconf 82' lang='lat' dir='ltr'>defecerant.</span> <span class='ocrx_word' id='word_1_92' title='bbox 682 1451 788 1517; x_wconf 82' lang='lat' dir='ltr'>-Turn</span> <span class='ocrx_word' id='word_1_93' title='bbox 802 1474 876 1516; x_wconf 90' lang='lat' dir='ltr'>vero</span> <span class='ocrx_word' id='word_1_94' title='bbox 888 1454 988 1535; x_wconf 88' lang='lat' dir='ltr'>impo-</span> 
     </span>
     <span class='ocr_line' id='line_1_15' title="bbox 147 1537 994 1620; baseline 0.004 -21"><span class='ocrx_word' id='word_1_95' title='bbox 147 1538 252 1601; x_wconf 82' lang='lat' dir='ltr'>tentiae</span> <span class='ocrx_word' id='word_1_96' title='bbox 277 1559 383 1600; x_wconf 91' lang='lat' dir='ltr'>eorum</span> <span class='ocrx_word' id='word_1_97' title='bbox 407 1553 635 1620; x_wconf 84' lang='lat' dir='ltr'>argumentum,</span> <span class='ocrx_word' id='word_1_98' title='bbox 666 1537 748 1620; x_wconf 93' lang='lat' dir='ltr'>quod</span> <span class='ocrx_word' id='word_1_99' title='bbox 770 1559 877 1601; x_wconf 88' lang='lat' dir='ltr'>eorum</span> <span class='ocrx_word' id='word_1_100' title='bbox 897 1561 994 1620; x_wconf 62' lang='lat' dir='ltr'>operav</span> 
     </span>
     <span class='ocr_line' id='line_1_16' title="bbox 147 1620 989 1704; baseline 0.002 -19"><span class='ocrx_word' id='word_1_101' title='bbox 147 1622 269 1686; x_wconf 89' lang='lat' dir='ltr'>nullum</span> <span class='ocrx_word' id='word_1_102' title='bbox 283 1620 396 1704; x_wconf 78' lang='lat' dir='ltr'>insigne</span> <span class='ocrx_word' id='word_1_103' title='bbox 410 1623 527 1686; x_wconf 76' lang='lat' dir='ltr'>bouum</span> <span class='ocrx_word' id='word_1_104' title='bbox 550 1623 650 1685; x_wconf 86' lang='lat' dir='ltr'>secum</span> <span class='ocrx_word' id='word_1_105' title='bbox 674 1623 858 1687; x_wconf 81' lang='lat' dir='ltr'>adserebant.</span> <span class='ocrx_word' id='word_1_106' title='bbox 902 1621 989 1687; x_wconf 80' lang='lat' dir='ltr'>Nom</span> 
     </span>
     <span class='ocr_line' id='line_1_17' title="bbox 147 1705 1022 1790; baseline 0 -20"><span class='ocrx_word' id='word_1_107' title='bbox 147 1706 179 1770; x_wconf 74' lang='lat' dir='ltr'>tc</span> <span class='ocrx_word' id='word_1_108' title='bbox 194 1705 282 1790; x_wconf 81' lang='lat' dir='ltr'>siqui</span> <span class='ocrx_word' id='word_1_109' title='bbox 296 1705 349 1769; x_wconf 82' lang='lat' dir='ltr'>visi</span> <span class='ocrx_word' id='word_1_110' title='bbox 363 1706 431 1772; x_wconf 89' lang='lat' dir='ltr'>sunt</span> <span class='ocrx_word' id='word_1_111' title='bbox 445 1706 477 1771; x_wconf 92' lang='lat' dir='ltr'>in</span> <span class='ocrx_word' id='word_1_112' title='bbox 491 1707 587 1770; x_wconf 82' lang='lat' dir='ltr'>vitam</span> <span class='ocrx_word' id='word_1_113' title='bbox 600 1709 745 1784; x_wconf 86' lang='lat' dir='ltr'>revocati,</span> <span class='ocrx_word' id='word_1_114' title='bbox 768 1730 831 1773; x_wconf 93' lang='lat' dir='ltr'>non</span> <span class='ocrx_word' id='word_1_115' title='bbox 845 1729 995 1790; x_wconf 64' lang='lat' dir='ltr'>pennen--</span> <span class='ocrx_word' id='word_1_116' title='bbox 1014 1732 1022 1741; x_wconf 61' lang='lat'>¹·</span> 
     </span>
     <span class='ocr_line' id='line_1_18' title="bbox 145 1791 987 1867; baseline 0.004 -11"><span class='ocrx_word' id='word_1_117' title='bbox 145 1791 249 1856; x_wconf 83' lang='lat' dir='ltr'>serunt</span> <span class='ocrx_word' id='word_1_118' title='bbox 262 1791 295 1855; x_wconf 90' lang='lat' dir='ltr'>in</span> <span class='ocrx_word' id='word_1_119' title='bbox 308 1791 382 1867; x_wconf 81' lang='lat' dir='ltr'>vita,</span> <span class='ocrx_word' id='word_1_120' title='bbox 405 1812 462 1855; x_wconf 89' lang='lat' dir='ltr'>nec</span> <span class='ocrx_word' id='word_1_121' title='bbox 476 1791 644 1857; x_wconf 84' lang='lat' dir='ltr'>viventium</span> <span class='ocrx_word' id='word_1_122' title='bbox 657 1792 827 1858; x_wconf 62' lang='lat' dir='ltr'>funiliones</span> <span class='ocrx_word' id='word_1_123' title='bbox 841 1815 987 1859; x_wconf 85' lang='lat' dir='ltr'>exercue-</span> 
     </span>
     <span class='ocr_line' id='line_1_19' title="bbox 146 1873 1018 1963; baseline 0.003 -24"><span class='ocrx_word' id='word_1_124' title='bbox 146 1890 230 1939; x_wconf 82' lang='lat' dir='ltr'>runt.</span> <span class='ocrx_word' id='word_1_125' title='bbox 274 1873 405 1958; x_wconf 79' lang='lat' dir='ltr'>Quodsi</span> <span class='ocrx_word' id='word_1_126' title='bbox 426 1876 500 1963; x_wconf 92' lang='lat' dir='ltr'>quid</span> <span class='ocrx_word' id='word_1_127' title='bbox 518 1875 682 1960; x_wconf 82' lang='lat' dir='ltr'>aliquando</span> <span class='ocrx_word' id='word_1_128' title='bbox 696 1877 715 1941; x_wconf 63' lang='lat' dir='ltr'><strong>a</strong></span> <span class='ocrx_word' id='word_1_129' title='bbox 727 1877 828 1943; x_wconf 83' lang='lat' dir='ltr'>divina</span> <span class='ocrx_word' id='word_1_130' title='bbox 842 1878 989 1960; x_wconf 82' lang='lat' dir='ltr'>pollentia</span> <span class='ocrx_word' id='word_1_131' title='bbox 1014 1903 1018 1909; x_wconf 92' lang='lat'><em>·</em></span> 
     </span>
     <span class='ocr_line' id='line_1_20' title="bbox 146 1959 1019 2048; baseline 0.009 -24"><span class='ocrx_word' id='word_1_132' title='bbox 146 1959 313 2045; x_wconf 82' lang='lat' dir='ltr'>procedens</span> <span class='ocrx_word' id='word_1_133' title='bbox 327 1961 360 2026; x_wconf 91' lang='lat' dir='ltr'>in</span> <span class='ocrx_word' id='word_1_134' title='bbox 372 1959 566 2047; x_wconf 73' lang='lat' dir='ltr'>Peg-errorum</span> <span class='ocrx_word' id='word_1_135' title='bbox 578 1961 739 2045; x_wconf 69' lang='lat' dir='ltr'>conspeetu</span> <span class='ocrx_word' id='word_1_136' title='bbox 754 1963 901 2048; x_wconf 76' lang='lat' dir='ltr'>apparuit,</span> <span class='ocrx_word' id='word_1_137' title='bbox 923 1985 988 2032; x_wconf 92' lang='lat' dir='ltr'>non</span> <span class='ocrx_word' id='word_1_138' title='bbox 1015 1976 1019 1987; x_wconf 86' lang='lat'>&#39;</span> 
     </span>
     <span class='ocr_line' id='line_1_21' title="bbox 145 2045 1000 2132; baseline 0.004 -20"><span class='ocrx_word' id='word_1_139' title='bbox 145 2062 252 2112; x_wconf 82' lang='lat' dir='ltr'>tamen</span> <span class='ocrx_word' id='word_1_140' title='bbox 262 2045 438 2129; x_wconf 64' lang='lat' dir='ltr'>praediennn</span> <span class='ocrx_word' id='word_1_141' title='bbox 449 2045 493 2110; x_wconf 88' lang='lat' dir='ltr'>est</span> <span class='ocrx_word' id='word_1_142' title='bbox 506 2046 534 2109; x_wconf 91' lang='lat' dir='ltr'>id</span> <span class='ocrx_word' id='word_1_143' title='bbox 546 2061 738 2126; x_wconf 75' lang='lat' dir='ltr'>eventurum,</span> <span class='ocrx_word' id='word_1_144' title='bbox 752 2048 790 2112; x_wconf 83' lang='lat' dir='ltr'>ad</span> <span class='ocrx_word' id='word_1_145' title='bbox 801 2048 1000 2132; x_wconf 83' lang='lat' dir='ltr'>probandam·</span> 
     </span>
     <span class='ocr_line' id='line_1_22' title="bbox 146 2130 1022 2216; baseline 0.001 -21"><span class='ocrx_word' id='word_1_146' title='bbox 146 2132 280 2214; x_wconf 78' lang='lat' dir='ltr'>ipsorum</span> <span class='ocrx_word' id='word_1_147' title='bbox 293 2131 487 2216; x_wconf 66' lang='lat' dir='ltr'>religionem</span> <span class='ocrx_word' id='word_1_148' title='bbox 510 2132 594 2196; x_wconf 83' lang='lat' dir='ltr'>unde</span> <span class='ocrx_word' id='word_1_149' title='bbox 604 2130 680 2195; x_wconf 85' lang='lat' dir='ltr'>nihil</span> <span class='ocrx_word' id='word_1_150' title='bbox 694 2132 830 2214; x_wconf 85' lang='lat' dir='ltr'>impedit,</span> <span class='ocrx_word' id='word_1_151' title='bbox 853 2156 916 2216; x_wconf 92' lang='lat' dir='ltr'>quo</span> <span class='ocrx_word' id='word_1_152' title='bbox 926 2135 987 2195; x_wconf 87' lang='lat' dir='ltr'>rni-</span> <span class='ocrx_word' id='word_1_153' title='bbox 1017 2155 1022 2164; x_wconf 88' lang='grc'>’</span> 
     </span>
    </p>
   </div>
   <div class='ocr_carea' id='block_1_3' title="bbox 144 2214 1016 2622">
    <p class='ocr_par' dir='ltr' id='par_1_3' title="bbox 144 2214 1016 2622">
     <span class='ocr_line' id='line_1_23' title="bbox 148 2214 993 2306; baseline 0 -26"><span class='ocrx_word' id='word_1_154' title='bbox 148 2238 208 2280; x_wconf 88' lang='lat' dir='ltr'>nus</span> <span class='ocrx_word' id='word_1_155' title='bbox 227 2215 327 2279; x_wconf 82' lang='lat' dir='ltr'>divina</span> <span class='ocrx_word' id='word_1_156' title='bbox 346 2217 478 2280; x_wconf 70' lang='lat' dir='ltr'>efficaci·</span> <span class='ocrx_word' id='word_1_157' title='bbox 497 2216 600 2278; x_wconf 83' lang='lat' dir='ltr'>causas</span> <span class='ocrx_word' id='word_1_158' title='bbox 615 2214 666 2277; x_wconf 84' lang='lat' dir='ltr'>sibi</span> <span class='ocrx_word' id='word_1_159' title='bbox 679 2216 860 2306; x_wconf 67' lang='lat' dir='ltr'>longe&#39;aliae</span> <span class='ocrx_word' id='word_1_160' title='bbox 873 2239 993 2304; x_wconf 79' lang='lat' dir='ltr'>propo--</span> 
     </span>
     <span class='ocr_line' id='line_1_24' title="bbox 146 2297 994 2386; baseline 0 -22"><span class='ocrx_word' id='word_1_161' title='bbox 146 2299 216 2364; x_wconf 77' lang='lat' dir='ltr'>litas</span> <span class='ocrx_word' id='word_1_162' title='bbox 230 2301 379 2366; x_wconf 78' lang='lat' dir='ltr'>hebuerit.</span> <span class='ocrx_word' id='word_1_163' title='bbox 422 2299 565 2384; x_wconf 83' lang='lat' dir='ltr'>Exempli</span> <span class='ocrx_word' id='word_1_164' title='bbox 580 2299 681 2378; x_wconf 83' lang='lat' dir='ltr'>causa,</span> <span class='ocrx_word' id='word_1_165' title='bbox 701 2297 723 2370; x_wconf 80' lang='lat' dir='ltr'>fi</span> <span class='ocrx_word' id='word_1_166' title='bbox 743 2323 848 2368; x_wconf 83' lang='lat' dir='ltr'>vetunt</span> <span class='ocrx_word' id='word_1_167' title='bbox 868 2300 910 2364; x_wconf 87' lang='lat' dir='ltr'>est</span> <span class='ocrx_word' id='word_1_168' title='bbox 934 2315 994 2386; x_wconf 77' lang='lat' dir='ltr'>per·</span> 
     </span>
     <span class='ocr_line' id='line_1_25' title="bbox 144 2381 988 2469; baseline 0.006 -21"><span class='ocrx_word' id='word_1_169' title='bbox 144 2384 363 2469; x_wconf 71' lang='lat' dir='ltr'>vespasmum</span> <span class='ocrx_word' id='word_1_170' title='bbox 383 2407 467 2451; x_wconf 85' lang='lat' dir='ltr'>caeco</span> <span class='ocrx_word' id='word_1_171' title='bbox 488 2386 584 2450; x_wconf 81' lang='lat' dir='ltr'>uisum</span> <span class='ocrx_word' id='word_1_172' title='bbox 601 2381 657 2450; x_wconf 79' lang='lat' dir='ltr'>esse</span> <span class='ocrx_word' id='word_1_173' title='bbox 675 2386 839 2464; x_wconf 84' lang='lat' dir='ltr'>redditum,</span> <span class='ocrx_word' id='word_1_174' title='bbox 871 2387 988 2453; x_wconf 78' lang='lat' dir='ltr'>fadium</span> 
     </span>
     <span class='ocr_line' id='line_1_26' title="bbox 145 2468 986 2554; baseline -0.002 -17"><span class='ocrx_word' id='word_1_175' title='bbox 145 2471 177 2537; x_wconf 81' lang='lat' dir='ltr'>id</span> <span class='ocrx_word' id='word_1_176' title='bbox 193 2469 235 2535; x_wconf 86' lang='lat' dir='ltr'>est</span> <span class='ocrx_word' id='word_1_177' title='bbox 247 2471 345 2536; x_wconf 79' lang='lat' dir='ltr'>⁴ut&#39;is</span> <span class='ocrx_word' id='word_1_178' title='bbox 359 2474 417 2535; x_wconf 84' lang='lat' dir='ltr'>bec</span> <span class='ocrx_word' id='word_1_179' title='bbox 430 2493 463 2535; x_wconf 88' lang='lat' dir='ltr'>re</span> <span class='ocrx_word' id='word_1_180' title='bbox 477 2468 675 2536; x_wconf 84' lang='lat' dir='ltr'>venerabilior</span> <span class='ocrx_word' id='word_1_181' title='bbox 688 2470 853 2554; x_wconf 83' lang='lat' dir='ltr'>Imperium</span> <span class='ocrx_word' id='word_1_182' title='bbox 866 2472 986 2536; x_wconf 81' lang='lat' dir='ltr'>Romn-</span> 
     </span>
     <span class='ocr_line' id='line_1_27' title="bbox 910 2580 1016 2622; baseline 0.028 -3"><span class='ocrx_word' id='word_1_183' title='bbox 910 2580 988 2622; x_wconf 87' lang='lat' dir='ltr'>num</span> <span class='ocrx_word' id='word_1_184' title='bbox 1014 2589 1016 2593; x_wconf 94' lang='lat'>·</span> 
     </span>
    </p>
   </div>
   <div class='ocr_carea' id='block_1_4' title="bbox 141 2676 1066 3556">
    <p class='ocr_par' dir='ltr' id='par_1_4' title="bbox 141 2676 993 2920">
     <span class='ocr_line' id='line_1_28' title="bbox 180 2676 993 2744; baseline 0 -19"><span class='ocrx_word' id='word_1_185' title='bbox 180 2689 192 2726; x_wconf 80' lang='grc' dir='ltr'><strong>ι</strong></span> <span class='ocrx_word' id='word_1_186' title='bbox 209 2677 236 2725; x_wconf 78' lang='lat' dir='ltr'>In</span> <span class='ocrx_word' id='word_1_187' title='bbox 252 2695 341 2727; x_wconf 74' lang='lat' dir='ltr'>amem</span> <span class='ocrx_word' id='word_1_188' title='bbox 355 2678 416 2744; x_wconf 76' lang='lat' dir='ltr'>saepe</span> <span class='ocrx_word' id='word_1_189' title='bbox 432 2678 495 2744; x_wconf 76' lang='lat' dir='ltr'>hujus</span> <span class='ocrx_word' id='word_1_190' title='bbox 514 2693 554 2728; x_wconf 80' lang='lat' dir='ltr'>aut</span> <span class='ocrx_word' id='word_1_191' title='bbox 583 2692 691 2744; x_wconf 75' lang='lat' dir='ltr'>tamquam</span> <span class='ocrx_word' id='word_1_192' title='bbox 700 2679 824 2740; x_wconf 58' lang='lat' dir='ltr'>veneficium</span> <span class='ocrx_word' id='word_1_193' title='bbox 836 2676 993 2742; x_wconf 70' lang='lat' dir='ltr'>interdicam}</span> 
     </span>
     <span class='ocr_line' id='line_1_29' title="bbox 146 2741 989 2807; baseline -0.001 -16"><span class='ocrx_word' id='word_1_194' title='bbox 146 2741 214 2799; x_wconf 69' lang='lat' dir='ltr'>illius,</span> <span class='ocrx_word' id='word_1_195' title='bbox 242 2743 297 2791; x_wconf 77' lang='lat' dir='ltr'>bunc</span> <span class='ocrx_word' id='word_1_196' title='bbox 321 2745 409 2791; x_wconf 71' lang='lat' dir='ltr'>illumve</span> <span class='ocrx_word' id='word_1_197' title='bbox 435 2745 554 2792; x_wconf 69' lang='lat' dir='ltr'>renitentem</span> <span class='ocrx_word' id='word_1_198' title='bbox 584 2746 611 2791; x_wconf 82' lang='lat' dir='ltr'>L.</span> <span class='ocrx_word' id='word_1_199' title='bbox 625 2744 732 2807; x_wconf 83' lang='lat' dir='ltr'>ejusdem.</span> <span class='ocrx_word' id='word_1_200' title='bbox 765 2745 888 2807; x_wconf 58' lang='lat' dir='ltr'>adjediio.</span> <span class='ocrx_word' id='word_1_201' title='bbox 915 2745 946 2791; x_wconf 85' lang='lat' dir='ltr'>D.</span> <span class='ocrx_word' id='word_1_202' title='bbox 959 2744 989 2790; x_wconf 79' lang='lat' dir='ltr'>ad</span> 
     </span>
     <span class='ocr_line' id='line_1_30' title="bbox 141 2805 988 2920; baseline 0.002 -67"><span class='ocrx_word' id='word_1_203' title='bbox 141 2805 479 2917; x_wconf 35' lang='grc' dir='ltr'>ζξὴριὶξὲἳιινοιπίζιιῙιὶρξὶἐιιυιι.]Ι</span> <span class='ocrx_word' id='word_1_204' title='bbox 493 2809 554 2919; x_wconf 49' lang='lat' dir='ltr'>Vidi</span> <span class='ocrx_word' id='word_1_205' title='bbox 582 2806 805 2920; x_wconf 45' lang='lat' dir='ltr'>lcrgemfiqomekan}</span> <span class='ocrx_word' id='word_1_206' title='bbox 817 2810 844 2855; x_wconf 88' lang='lat' dir='ltr'>de</span> <span class='ocrx_word' id='word_1_207' title='bbox 856 2807 945 2884; x_wconf 60' lang='lat' dir='ltr'>§icariis</span> <span class='ocrx_word' id='word_1_208' title='bbox 963 2811 988 2854; x_wconf 69' lang='grc' dir='ltr'>δε</span> 
     </span>
    </p>

    <p class='ocr_par' dir='ltr' id='par_1_5' title="bbox 147 2872 1066 3442">
     <span class='ocr_line' id='line_1_31' title="bbox 185 2885 1066 2919; baseline 0.002 -4"><span class='ocrx_word' id='word_1_209' title='bbox 185 2885 209 2915; x_wconf 81' lang='grc' dir='ltr'>ιι</span> <span class='ocrx_word' id='word_1_210' title='bbox 236 2886 248 2916; x_wconf 82' lang='lat' dir='ltr'>a</span> <span class='ocrx_word' id='word_1_211' title='bbox 422 2887 480 2917; x_wconf 85' lang='lat' dir='ltr'>eocn</span> <span class='ocrx_word' id='word_1_212' title='bbox 609 2886 650 2917; x_wconf 84' lang='lat' dir='ltr'>ene</span> <span class='ocrx_word' id='word_1_213' title='bbox 669 2886 709 2919; x_wconf 81' lang='lat' dir='ltr'>err.</span> <span class='ocrx_word' id='word_1_214' title='bbox 764 2904 770 2919; x_wconf 92' lang='lat'><strong>.</strong></span> <span class='ocrx_word' id='word_1_215' title='bbox 917 2905 923 2919; x_wconf 89' lang='lat'><em>.</em></span> <span class='ocrx_word' id='word_1_216' title='bbox 962 2885 987 2917; x_wconf 88' lang='grc' dir='ltr'>ιιι</span> <span class='ocrx_word' id='word_1_217' title='bbox 1059 2899 1066 2912; x_wconf 86' lang='lat'>·</span> 
     </span>
     <span class='ocr_line' id='line_1_32' title="bbox 148 2872 985 2996; baseline 0.002 -17"><span class='ocrx_word' id='word_1_218' title='bbox 148 2883 550 2996; x_wconf 56' lang='lat' dir='ltr'>Wrgilii.cellsrdanomhyriineon·</span> <span class='ocrx_word' id='word_1_219' title='bbox 585 2934 715 2982; x_wconf 78' lang='lat' dir='ltr'>abortionis.</span> <span class='ocrx_word' id='word_1_220' title='bbox 729 2936 759 2983; x_wconf 89' lang='lat' dir='ltr'>D.</span> <span class='ocrx_word' id='word_1_221' title='bbox 770 2888 886 2984; x_wconf 57' lang='lat' dir='ltr'>del’ddii.</span> <span class='ocrx_word' id='word_1_222' title='bbox 898 2872 985 2983; x_wconf 76' lang='lat' dir='ltr'>i‘nnlue</span> 
     </span>
     <span class='ocr_line' id='line_1_33' title="bbox 147 2994 986 3064; baseline 0.005 -22"><span class='ocrx_word' id='word_1_223' title='bbox 147 2994 264 3045; x_wconf 81' lang='lat' dir='ltr'>feffionem</span> <span class='ocrx_word' id='word_1_224' title='bbox 275 3001 333 3064; x_wconf 80' lang='lat' dir='ltr'>apud</span> <span class='ocrx_word' id='word_1_225' title='bbox 343 2997 464 3046; x_wconf 81' lang='lat' dir='ltr'>Eusebium</span> <span class='ocrx_word' id='word_1_226' title='bbox 473 2997 514 3045; x_wconf 92' lang='lat' dir='ltr'>lib.</span> <span class='ocrx_word' id='word_1_227' title='bbox 527 3015 552 3047; x_wconf 83' lang='lat' dir='ltr'>v.</span> <span class='ocrx_word' id='word_1_228' title='bbox 585 2997 746 3048; x_wconf 80' lang='lat' dir='ltr'>sententiarum</span> <span class='ocrx_word' id='word_1_229' title='bbox 757 2999 797 3047; x_wconf 84' lang='lat' dir='ltr'>lib.</span> <span class='ocrx_word' id='word_1_230' title='bbox 806 3016 830 3047; x_wconf 86' lang='lat' dir='ltr'>v.</span> <span class='ocrx_word' id='word_1_231' title='bbox 840 3001 940 3048; x_wconf 71' lang='lat' dir='ltr'>&#39;lituu</span> <span class='ocrx_word' id='word_1_232' title='bbox 947 3012 957 3043; x_wconf 89' lang='lat'>1</span> <span class='ocrx_word' id='word_1_233' title='bbox 964 3012 986 3046; x_wconf 82' lang='grc' dir='ltr'><strong>ι.</strong></span> 
     </span>
     <span class='ocr_line' id='line_1_34' title="bbox 148 3061 989 3127; baseline 0.001 -20"><span class='ocrx_word' id='word_1_234' title='bbox 148 3061 274 3121; x_wconf 79' lang='lat' dir='ltr'>l’raeparat.</span> <span class='ocrx_word' id='word_1_235' title='bbox 283 3077 333 3123; x_wconf 79' lang='lat' dir='ltr'>cap.</span> <span class='ocrx_word' id='word_1_236' title='bbox 349 3077 386 3123; x_wconf 74' lang='grc' dir='ltr'><strong>ιγ.</strong></span> <span class='ocrx_word' id='word_1_237' title='bbox 400 3068 422 3110; x_wconf 68' lang='grc' dir='ltr'><strong>δι</strong></span> <span class='ocrx_word' id='word_1_238' title='bbox 432 3064 490 3123; x_wconf 82' lang='lat' dir='ltr'>apud</span> <span class='ocrx_word' id='word_1_239' title='bbox 499 3065 551 3120; x_wconf 75' lang='grc' dir='ltr'><strong>Αιι·</strong></span> <span class='ocrx_word' id='word_1_240' title='bbox 618 3079 631 3126; x_wconf 77' lang='lat'>3</span> <span class='ocrx_word' id='word_1_241' title='bbox 644 3065 695 3111; x_wconf 83' lang='lat' dir='ltr'>Cum</span> <span class='ocrx_word' id='word_1_242' title='bbox 705 3064 776 3111; x_wconf 81' lang='lat' dir='ltr'>deludi</span> <span class='ocrx_word' id='word_1_243' title='bbox 786 3064 864 3112; x_wconf 78' lang='lat' dir='ltr'>talibus</span> <span class='ocrx_word' id='word_1_244' title='bbox 869 3061 989 3127; x_wconf 75' lang='lat' dir='ltr'>praestigiir</span> 
     </span>
     <span class='ocr_line' id='line_1_35' title="bbox 148 3125 989 3192; baseline 0.002 -22"><span class='ocrx_word' id='word_1_245' title='bbox 148 3125 262 3184; x_wconf 71' lang='lat' dir='ltr'>godinum</span> <span class='ocrx_word' id='word_1_246' title='bbox 284 3126 344 3175; x_wconf 90' lang='lat' dir='ltr'>libro</span> <span class='ocrx_word' id='word_1_247' title='bbox 362 3142 386 3173; x_wconf 84' lang='lat' dir='ltr'>x.</span> <span class='ocrx_word' id='word_1_248' title='bbox 409 3129 436 3173; x_wconf 86' lang='lat' dir='ltr'>de</span> <span class='ocrx_word' id='word_1_249' title='bbox 453 3126 553 3174; x_wconf 75' lang='lat' dir='ltr'>Civit&#39;ate</span> <span class='ocrx_word' id='word_1_250' title='bbox 584 3129 655 3175; x_wconf 82' lang='lat' dir='ltr'>meriti</span> <span class='ocrx_word' id='word_1_251' title='bbox 681 3128 751 3192; x_wconf 78' lang='lat' dir='ltr'>efflnr,</span> <span class='ocrx_word' id='word_1_252' title='bbox 779 3128 818 3190; x_wconf 81' lang='lat' dir='ltr'>qui</span> <span class='ocrx_word' id='word_1_253' title='bbox 837 3128 856 3174; x_wconf 69' lang='lat' dir='ltr'><em>b</em></span> <span class='ocrx_word' id='word_1_254' title='bbox 872 3126 924 3173; x_wconf 81' lang='lat' dir='ltr'>veri</span> <span class='ocrx_word' id='word_1_255' title='bbox 943 3126 989 3172; x_wconf 75' lang='lat' dir='ltr'>on·</span> 
     </span>
     <span class='ocr_line' id='line_1_36' title="bbox 148 3187 988 3256; baseline 0.006 -21"><span class='ocrx_word' id='word_1_256' title='bbox 148 3189 201 3247; x_wconf 87' lang='lat' dir='ltr'>Dei,</span> <span class='ocrx_word' id='word_1_257' title='bbox 227 3204 276 3251; x_wconf 84' lang='lat' dir='ltr'>cap.</span> <span class='ocrx_word' id='word_1_258' title='bbox 295 3206 335 3238; x_wconf 71' lang='grc' dir='ltr'><strong>ιι.</strong></span> <span class='ocrx_word' id='word_1_259' title='bbox 368 3191 428 3237; x_wconf 87' lang='lat' dir='ltr'>Vide</span> <span class='ocrx_word' id='word_1_260' title='bbox 447 3192 553 3238; x_wconf 86' lang='lat' dir='ltr'>eumdem</span> <span class='ocrx_word' id='word_1_261' title='bbox 584 3191 641 3238; x_wconf 81' lang='lat' dir='ltr'>cultu</span> <span class='ocrx_word' id='word_1_262' title='bbox 655 3192 740 3256; x_wconf 80' lang='lat' dir='ltr'>pridem</span> <span class='ocrx_word' id='word_1_263' title='bbox 754 3187 897 3252; x_wconf 57' lang='grc' dir='ltr'>ἅψηται]</span> <span class='ocrx_word' id='word_1_264' title='bbox 914 3190 988 3239; x_wconf 76' lang='lat' dir='ltr'>Dent.</span> 
     </span>
     <span class='ocr_line' id='line_1_37' title="bbox 148 3252 989 3317; baseline 0.004 -17"><span class='ocrx_word' id='word_1_265' title='bbox 148 3252 303 3313; x_wconf 77' lang='lat' dir='ltr'>Porphyrium</span> <span class='ocrx_word' id='word_1_266' title='bbox 320 3254 430 3302; x_wconf 87' lang='lat' dir='ltr'>librorr.</span> <span class='ocrx_word' id='word_1_267' title='bbox 462 3255 554 3301; x_wconf 82' lang='lat' dir='ltr'>deuon</span> <span class='ocrx_word' id='word_1_268' title='bbox 585 3269 657 3301; x_wconf 84' lang='grc' dir='ltr'><strong>ιιιι.</strong></span> <span class='ocrx_word' id='word_1_269' title='bbox 677 3272 700 3317; x_wconf 87' lang='lat'>3.</span> <span class='ocrx_word' id='word_1_270' title='bbox 728 3252 834 3304; x_wconf 77' lang='lat' dir='ltr'>o&#39;l&#39;ireff.</span> <span class='ocrx_word' id='word_1_271' title='bbox 856 3268 894 3301; x_wconf 91' lang='grc' dir='ltr'>ιι.</span> <span class='ocrx_word' id='word_1_272' title='bbox 908 3268 932 3316; x_wconf 83' lang='lat'>9,</span> <span class='ocrx_word' id='word_1_273' title='bbox 948 3268 989 3303; x_wconf 78' lang='lat' dir='ltr'>ror</span> 
     </span>
     <span class='ocr_line' id='line_1_38' title="bbox 147 3316 992 3380; baseline 0.004 -18"><span class='ocrx_word' id='word_1_274' title='bbox 147 3316 187 3362; x_wconf 87' lang='lat' dir='ltr'>esu</span> <span class='ocrx_word' id='word_1_275' title='bbox 205 3316 367 3375; x_wconf 76' lang='lat' dir='ltr'>animantium,</span> <span class='ocrx_word' id='word_1_276' title='bbox 389 3321 411 3364; x_wconf 70' lang='lat' dir='ltr'>dr</span> <span class='ocrx_word' id='word_1_277' title='bbox 430 3317 554 3377; x_wconf 69' lang='lat' dir='ltr'>origenem</span> <span class='ocrx_word' id='word_1_278' title='bbox 585 3316 668 3379; x_wconf 83' lang='lat' dir='ltr'>Ephes.</span> <span class='ocrx_word' id='word_1_279' title='bbox 684 3332 759 3372; x_wconf 85' lang='lat'>11.2‚</span> <span class='ocrx_word' id='word_1_280' title='bbox 774 3332 797 3380; x_wconf 83' lang='lat'>3.</span> <span class='ocrx_word' id='word_1_281' title='bbox 988 3336 992 3346; x_wconf 81' lang='grc'><em>·</em></span> 
     </span>
     <span class='ocr_line' id='line_1_39' title="bbox 147 3377 991 3442; baseline -0.002 -14"><span class='ocrx_word' id='word_1_282' title='bbox 147 3388 229 3428; x_wconf 81' lang='lat' dir='ltr'>contra</span> <span class='ocrx_word' id='word_1_283' title='bbox 239 3378 331 3427; x_wconf 80' lang='lat' dir='ltr'>celsum</span> <span class='ocrx_word' id='word_1_284' title='bbox 343 3382 402 3428; x_wconf 86' lang='lat' dir='ltr'>libro</span> <span class='ocrx_word' id='word_1_285' title='bbox 413 3395 470 3429; x_wconf 79' lang='grc' dir='ltr'><strong>ιιι.</strong></span> <span class='ocrx_word' id='word_1_286' title='bbox 618 3396 642 3442; x_wconf 84' lang='lat'>4·</span> <span class='ocrx_word' id='word_1_287' title='bbox 657 3381 689 3429; x_wconf 85' lang='lat' dir='ltr'>Ue</span> <span class='ocrx_word' id='word_1_288' title='bbox 707 3380 726 3427; x_wconf 79' lang='lat' dir='ltr'>ir</span> <span class='ocrx_word' id='word_1_289' title='bbox 745 3381 786 3427; x_wconf 77' lang='lat' dir='ltr'>bae</span> <span class='ocrx_word' id='word_1_290' title='bbox 805 3381 829 3428; x_wconf 83' lang='lat' dir='ltr'>&#39;re</span> <span class='ocrx_word' id='word_1_291' title='bbox 846 3377 991 3427; x_wconf 62' lang='lat' dir='ltr'>machinor</span> 
     </span>
    </p>

    <p class='ocr_par' dir='ltr' id='par_1_6' title="bbox 183 3442 988 3556">
     <span class='ocr_line' id='line_1_40' title="bbox 183 3442 988 3556; baseline -0.002 -65"><span class='ocrx_word' id='word_1_292' title='bbox 183 3457 198 3491; x_wconf 84' lang='lat'><em>2</em></span> <span class='ocrx_word' id='word_1_293' title='bbox 210 3444 260 3490; x_wconf 82' lang='lat' dir='ltr'>Cum</span> <span class='ocrx_word' id='word_1_294' title='bbox 271 3445 308 3493; x_wconf 82' lang='lat' dir='ltr'>hoc</span> <span class='ocrx_word' id='word_1_295' title='bbox 318 3447 381 3494; x_wconf 81' lang='lat' dir='ltr'>etiarn</span> <span class='ocrx_word' id='word_1_296' title='bbox 392 3446 492 3493; x_wconf 75' lang='lat' dir='ltr'>burim</span> <span class='ocrx_word' id='word_1_297' title='bbox 501 3445 555 3509; x_wconf 68' lang='lat' dir='ltr'>leger</span> <span class='ocrx_word' id='word_1_298' title='bbox 586 3444 699 3556; x_wconf 53' lang='lat' dir='ltr'>{rirtperim</span> <span class='ocrx_word' id='word_1_299' title='bbox 709 3446 825 3495; x_wconf 77' lang='lat' dir='ltr'>Romamn</span> <span class='ocrx_word' id='word_1_300' title='bbox 831 3442 926 3510; x_wconf 74' lang='lat' dir='ltr'>facilius</span> <span class='ocrx_word' id='word_1_301' title='bbox 936 3443 988 3490; x_wconf 79' lang='lat' dir='ltr'>adi-</span> 
     </span>
    </p>
   </div>
   <div class='ocr_carea' id='block_1_5' title="bbox 632 3507 1023 3671">
    <p class='ocr_par' dir='ltr' id='par_1_7' title="bbox 632 3507 1023 3671">
     <span class='ocr_line' id='line_1_41' title="bbox 632 3507 988 3574; baseline 0 -1"><span class='ocrx_word' id='word_1_302' title='bbox 632 3523 645 3573; x_wconf 84' lang='lat'>3</span> <span class='ocrx_word' id='word_1_303' title='bbox 920 3507 988 3574; x_wconf 65' lang='lat' dir='ltr'>riste-</span> 
     </span>
     <span class='ocr_line' id='line_1_42' title="bbox 720 3605 1023 3671; baseline 0.003 -1"><span class='ocrx_word' id='word_1_304' title='bbox 720 3625 725 3634; x_wconf 94' lang='lat'>·</span> <span class='ocrx_word' id='word_1_305' title='bbox 988 3605 1023 3671; x_wconf 74' lang='grc' dir='ltr'>,Ι</span> 
     </span>
    </p>
   </div>
   <div class='ocr_carea' id='block_1_6' title="bbox 0 0 1168 4050">
    <p class='ocr_par' dir='ltr' id='par_1_8' title="bbox 0 0 1168 4050">
     <span class='ocr_line' id='line_1_43' title="bbox 0 0 1168 4050; baseline 0 0"><span class='ocrx_word' id='word_1_306' title='bbox 0 0 1168 4050; x_wconf 95' lang='lat' dir='ltr'> </span> 
     </span>
    </p>
   </div>
  </div>
 </body>
</html>
