<?xml version="1.0" encoding="UTF-8"?>
<!DOCTYPE html PUBLIC "-//W3C//DTD XHTML 1.0 Transitional//EN"
    "http://www.w3.org/TR/xhtml1/DTD/xhtml1-transitional.dtd">
<html xmlns="http://www.w3.org/1999/xhtml" xml:lang="en" lang="en">
 <head>
  <title>
</title>
<meta http-equiv="Content-Type" content="text/html;charset=utf-8" />
  <meta name='ocr-system' content='tesseract 3.04.00' />
  <meta name='ocr-capabilities' content='ocr_page ocr_carea ocr_par ocr_line ocrx_word'/>
</head>
<body>
  <div class='ocr_page' id='page_1' title='image "./hugogrotiusdeve00clergoog_0035.png"; bbox 0 0 2325 4050; ppageno 0'>
   <div class='ocr_carea' id='block_1_1' title="bbox 307 264 1002 347">
    <p class='ocr_par' dir='ltr' id='par_1_1' title="bbox 307 264 1002 347">
     <span class='ocr_line' id='line_1_1' title="bbox 307 264 1002 347; baseline -0.004 -12"><span class='ocrx_word' id='word_1_1' title='bbox 307 268 436 339; x_wconf 60' lang='lat' dir='ltr'>,Rau</span> <span class='ocrx_word' id='word_1_2' title='bbox 460 268 662 333; x_wconf 61' lang='grc' dir='ltr'>(ἔειπεν.</span> <span class='ocrx_word' id='word_1_3' title='bbox 697 264 793 335; x_wconf 72' lang='lat' dir='ltr'>Lu.</span> <span class='ocrx_word' id='word_1_4' title='bbox 817 268 844 333; x_wconf 89' lang='grc' dir='ltr'>Ι.</span> <span class='ocrx_word' id='word_1_5' title='bbox 965 294 1002 347; x_wconf 80' lang='grc' dir='ltr'><strong>η</strong></span> 
     </span>
    </p>
   </div>
   <div class='ocr_carea' id='block_1_2' title="bbox 134 388 1006 2517">
    <p class='ocr_par' dir='ltr' id='par_1_2' title="bbox 134 388 1006 2517">
     <span class='ocr_line' id='line_1_2' title="bbox 134 388 1006 474; baseline 0.002 -21"><span class='ocrx_word' id='word_1_6' title='bbox 134 420 140 429; x_wconf 95' lang='grc'>·</span> <span class='ocrx_word' id='word_1_7' title='bbox 157 389 264 468; x_wconf 73' lang='lat' dir='ltr'>iidem,</span> <span class='ocrx_word' id='word_1_8' title='bbox 287 390 318 455; x_wconf 78' lang='grc' dir='ltr'>δι</span> <span class='ocrx_word' id='word_1_9' title='bbox 332 414 402 474; x_wconf 83' lang='lat' dir='ltr'>quae</span> <span class='ocrx_word' id='word_1_10' title='bbox 416 391 448 453; x_wconf 92' lang='lat' dir='ltr'>in</span> <span class='ocrx_word' id='word_1_11' title='bbox 459 390 495 452; x_wconf 80' lang='lat' dir='ltr'>iis</span> <span class='ocrx_word' id='word_1_12' title='bbox 506 390 640 453; x_wconf 85' lang='lat' dir='ltr'>maxime</span> <span class='ocrx_word' id='word_1_13' title='bbox 650 392 800 465; x_wconf 84' lang='lat' dir='ltr'>eminent,</span> <span class='ocrx_word' id='word_1_14' title='bbox 821 388 863 453; x_wconf 85' lang='lat' dir='ltr'>sol</span> <span class='ocrx_word' id='word_1_15' title='bbox 874 388 1006 469; x_wconf 55' lang='lat' dir='ltr'>&amp;luna</span> 
     </span>
     <span class='ocr_line' id='line_1_3' title="bbox 156 475 1002 560; baseline 0 -21"><span class='ocrx_word' id='word_1_16' title='bbox 156 477 261 539; x_wconf 85' lang='lat' dir='ltr'>cursus</span> <span class='ocrx_word' id='word_1_17' title='bbox 277 492 374 560; x_wconf 87' lang='lat' dir='ltr'>agunt</span> <span class='ocrx_word' id='word_1_18' title='bbox 388 478 430 539; x_wconf 85' lang='lat' dir='ltr'>ita</span> <span class='ocrx_word' id='word_1_19' title='bbox 444 491 658 559; x_wconf 85' lang='lat' dir='ltr'>attemperatos</span> <span class='ocrx_word' id='word_1_20' title='bbox 671 475 711 537; x_wconf 87' lang='lat' dir='ltr'>ad</span> <span class='ocrx_word' id='word_1_21' title='bbox 721 491 869 537; x_wconf 85' lang='lat' dir='ltr'>terrarum</span> <span class='ocrx_word' id='word_1_22' title='bbox 880 476 1002 539; x_wconf 74' lang='lat' dir='ltr'>iitcun-</span> 
     </span>
     <span class='ocr_line' id='line_1_4' title="bbox 156 560 1001 637; baseline 0 -14"><span class='ocrx_word' id='word_1_23' title='bbox 156 561 299 637; x_wconf 87' lang='lat' dir='ltr'>ditatem,</span> <span class='ocrx_word' id='word_1_24' title='bbox 320 561 351 623; x_wconf 75' lang='grc' dir='ltr'>δι</span> <span class='ocrx_word' id='word_1_25' title='bbox 361 562 561 624; x_wconf 89' lang='lat' dir='ltr'>animantium</span> <span class='ocrx_word' id='word_1_26' title='bbox 572 560 790 636; x_wconf 77' lang='lat' dir='ltr'>valetudinem,</span> <span class='ocrx_word' id='word_1_27' title='bbox 812 574 895 622; x_wconf 89' lang='lat' dir='ltr'>utne</span> <span class='ocrx_word' id='word_1_28' title='bbox 907 582 1001 623; x_wconf 82' lang='lat' dir='ltr'>enco-</span> 
     </span>
     <span class='ocr_line' id='line_1_5' title="bbox 156 645 1000 729; baseline 0.004 -21"><span class='ocrx_word' id='word_1_29' title='bbox 156 647 247 729; x_wconf 83' lang='lat' dir='ltr'>gitari</span> <span class='ocrx_word' id='word_1_30' title='bbox 261 646 385 728; x_wconf 85' lang='lat' dir='ltr'>quidem</span> <span class='ocrx_word' id='word_1_31' title='bbox 401 646 498 726; x_wconf 80' lang='lat' dir='ltr'>aptius</span> <span class='ocrx_word' id='word_1_32' title='bbox 513 648 677 728; x_wconf 88' lang='lat' dir='ltr'>quicquam</span> <span class='ocrx_word' id='word_1_33' title='bbox 691 648 786 727; x_wconf 86' lang='lat' dir='ltr'>poffit.</span> <span class='ocrx_word' id='word_1_34' title='bbox 830 645 916 707; x_wconf 76' lang='lat' dir='ltr'>Nam</span> <span class='ocrx_word' id='word_1_35' title='bbox 927 668 1000 711; x_wconf 86' lang='lat' dir='ltr'>cum</span> 
     </span>
     <span class='ocr_line' id='line_1_6' title="bbox 156 729 1001 814; baseline 0.005 -23"><span class='ocrx_word' id='word_1_36' title='bbox 156 729 273 814; x_wconf 82' lang='lat' dir='ltr'>alioqui</span> <span class='ocrx_word' id='word_1_37' title='bbox 303 730 402 793; x_wconf 87' lang='lat' dir='ltr'>multo</span> <span class='ocrx_word' id='word_1_38' title='bbox 430 729 592 812; x_wconf 88' lang='lat' dir='ltr'>srmplicior</span> <span class='ocrx_word' id='word_1_39' title='bbox 616 730 713 795; x_wconf 86' lang='lat' dir='ltr'>fuiffet</span> <span class='ocrx_word' id='word_1_40' title='bbox 737 752 792 812; x_wconf 84' lang='lat' dir='ltr'>per</span> <span class='ocrx_word' id='word_1_41' title='bbox 812 748 1001 813; x_wconf 86' lang='lat' dir='ltr'>aequatorern</span> 
     </span>
     <span class='ocr_line' id='line_1_7' title="bbox 157 815 1000 897; baseline 0 -20"><span class='ocrx_word' id='word_1_42' title='bbox 157 818 269 892; x_wconf 89' lang='lat' dir='ltr'>motio,</span> <span class='ocrx_word' id='word_1_43' title='bbox 293 815 383 878; x_wconf 85' lang='lat' dir='ltr'>aliam</span> <span class='ocrx_word' id='word_1_44' title='bbox 405 815 464 877; x_wconf 86' lang='lat' dir='ltr'>illis</span> <span class='ocrx_word' id='word_1_45' title='bbox 486 816 661 879; x_wconf 82' lang='lat' dir='ltr'>attributam</span> <span class='ocrx_word' id='word_1_46' title='bbox 686 816 822 879; x_wconf 87' lang='lat' dir='ltr'>videmus</span> <span class='ocrx_word' id='word_1_47' title='bbox 845 839 898 897; x_wconf 83' lang='lat' dir='ltr'>per</span> <span class='ocrx_word' id='word_1_48' title='bbox 917 816 1000 879; x_wconf 85' lang='lat' dir='ltr'>obli·</span> 
     </span>
     <span class='ocr_line' id='line_1_8' title="bbox 156 900 999 984; baseline 0.001 -22"><span class='ocrx_word' id='word_1_49' title='bbox 156 923 257 982; x_wconf 92' lang='lat' dir='ltr'>quum</span> <span class='ocrx_word' id='word_1_50' title='bbox 280 901 441 977; x_wconf 88' lang='lat' dir='ltr'>circulum,</span> <span class='ocrx_word' id='word_1_51' title='bbox 474 924 536 984; x_wconf 92' lang='lat' dir='ltr'>quo</span> <span class='ocrx_word' id='word_1_52' title='bbox 562 901 600 963; x_wconf 81' lang='lat' dir='ltr'>ad</span> <span class='ocrx_word' id='word_1_53' title='bbox 622 900 709 982; x_wconf 87' lang='lat' dir='ltr'>plura</span> <span class='ocrx_word' id='word_1_54' title='bbox 734 918 879 963; x_wconf 82' lang='lat' dir='ltr'>terrarum</span> <span class='ocrx_word' id='word_1_55' title='bbox 905 902 999 984; x_wconf 81' lang='lat' dir='ltr'>spatia</span> 
     </span>
     <span class='ocr_line' id='line_1_9' title="bbox 155 984 997 1069; baseline 0.004 -23"><span class='ocrx_word' id='word_1_56' title='bbox 155 984 306 1048; x_wconf 88' lang='lat' dir='ltr'>beneficia</span> <span class='ocrx_word' id='word_1_57' title='bbox 317 987 446 1068; x_wconf 86' lang='lat' dir='ltr'>ipsorum</span> <span class='ocrx_word' id='word_1_58' title='bbox 458 988 671 1069; x_wconf 83' lang='lat' dir='ltr'>pertingerent.</span> <span class='ocrx_word' id='word_1_59' title='bbox 716 986 808 1048; x_wconf 88' lang='lat' dir='ltr'>Sicuti</span> <span class='ocrx_word' id='word_1_60' title='bbox 820 1009 892 1047; x_wconf 83' lang='lat' dir='ltr'>vero</span> <span class='ocrx_word' id='word_1_61' title='bbox 902 1004 997 1049; x_wconf 84' lang='lat' dir='ltr'>terra·</span> 
     </span>
     <span class='ocr_line' id='line_1_10' title="bbox 156 1069 1001 1152; baseline 0.002 -19"><span class='ocrx_word' id='word_1_62' title='bbox 156 1090 227 1133; x_wconf 84' lang='lat' dir='ltr'>rum</span> <span class='ocrx_word' id='word_1_63' title='bbox 253 1072 322 1133; x_wconf 89' lang='lat' dir='ltr'>usus</span> <span class='ocrx_word' id='word_1_64' title='bbox 345 1093 436 1152; x_wconf 88' lang='lat' dir='ltr'>penes</span> <span class='ocrx_word' id='word_1_65' title='bbox 459 1072 625 1133; x_wconf 84' lang='lat' dir='ltr'>animantia</span> <span class='ocrx_word' id='word_1_66' title='bbox 649 1069 704 1148; x_wconf 85' lang='lat' dir='ltr'>est,</span> <span class='ocrx_word' id='word_1_67' title='bbox 732 1072 775 1133; x_wconf 86' lang='lat' dir='ltr'>ita</span> <span class='ocrx_word' id='word_1_68' title='bbox 796 1074 1001 1135; x_wconf 74' lang='lat' dir='ltr'>animantium</span> 
     </span>
     <span class='ocr_line' id='line_1_11' title="bbox 155 1155 999 1239; baseline 0.004 -21"><span class='ocrx_word' id='word_1_69' title='bbox 155 1171 344 1219; x_wconf 88' lang='lat' dir='ltr'>caeterorum·</span> <span class='ocrx_word' id='word_1_70' title='bbox 358 1176 449 1238; x_wconf 82' lang='lat' dir='ltr'>penes</span> <span class='ocrx_word' id='word_1_71' title='bbox 467 1155 624 1219; x_wconf 90' lang='lat' dir='ltr'>hominem</span> <span class='ocrx_word' id='word_1_72' title='bbox 644 1157 790 1232; x_wconf 82' lang='lat' dir='ltr'>maxime,</span> <span class='ocrx_word' id='word_1_73' title='bbox 812 1158 864 1239; x_wconf 91' lang='lat' dir='ltr'>qui</span> <span class='ocrx_word' id='word_1_74' title='bbox 878 1158 999 1220; x_wconf 86' lang='lat' dir='ltr'>violen-</span> 
     </span>
     <span class='ocr_line' id='line_1_12' title="bbox 156 1240 1001 1328; baseline 0.002 -26"><span class='ocrx_word' id='word_1_75' title='bbox 156 1241 420 1324; x_wconf 82' lang='lat' dir='ltr'>tiffimaquaeque,</span> <span class='ocrx_word' id='word_1_76' title='bbox 440 1242 647 1321; x_wconf 82' lang='lat' dir='ltr'>exsuperantia</span> <span class='ocrx_word' id='word_1_77' title='bbox 657 1243 781 1324; x_wconf 84' lang='lat' dir='ltr'>ingenii,</span> <span class='ocrx_word' id='word_1_78' title='bbox 804 1240 855 1303; x_wconf 82' lang='lat' dir='ltr'>fibi</span> <span class='ocrx_word' id='word_1_79' title='bbox 870 1242 1001 1328; x_wconf 65' lang='lat' dir='ltr'>subjicin</span> 
     </span>
     <span class='ocr_line' id='line_1_13' title="bbox 156 1325 1001 1391; baseline 0.004 -4"><span class='ocrx_word' id='word_1_80' title='bbox 156 1325 283 1388; x_wconf 84' lang='lat' dir='ltr'>²Unde</span> <span class='ocrx_word' id='word_1_81' title='bbox 309 1325 466 1388; x_wconf 89' lang='lat' dir='ltr'>Mundum</span> <span class='ocrx_word' id='word_1_82' title='bbox 494 1326 626 1389; x_wconf 87' lang='lat' dir='ltr'>bominis</span> <span class='ocrx_word' id='word_1_83' title='bbox 651 1327 738 1388; x_wconf 82' lang='lat' dir='ltr'>causa</span> <span class='ocrx_word' id='word_1_84' title='bbox 762 1327 877 1389; x_wconf 62' lang='lat' dir='ltr'>fabium</span> <span class='ocrx_word' id='word_1_85' title='bbox 905 1329 1001 1391; x_wconf 83' lang='lat' dir='ltr'>etiam</span> 
     </span>
     <span class='ocr_line' id='line_1_14' title="bbox 157 1410 1000 1495; baseline -0.004 -20"><span class='ocrx_word' id='word_1_86' title='bbox 157 1410 253 1475; x_wconf 89' lang='lat' dir='ltr'>Stoici</span> <span class='ocrx_word' id='word_1_87' title='bbox 264 1411 459 1495; x_wconf 85' lang='lat' dir='ltr'>colligebant.</span> <span class='ocrx_word' id='word_1_88' title='bbox 504 1410 589 1473; x_wconf 90' lang='lat' dir='ltr'>Cum</span> <span class='ocrx_word' id='word_1_89' title='bbox 597 1433 669 1472; x_wconf 86' lang='lat' dir='ltr'>vero</span> <span class='ocrx_word' id='word_1_90' title='bbox 680 1432 719 1473; x_wconf 81' lang='lat' dir='ltr'>oo</span> <span class='ocrx_word' id='word_1_91' title='bbox 732 1411 824 1491; x_wconf 86' lang='lat' dir='ltr'>usque</span> <span class='ocrx_word' id='word_1_92' title='bbox 838 1412 882 1472; x_wconf 84' lang='lat' dir='ltr'>vis</span> <span class='ocrx_word' id='word_1_93' title='bbox 895 1413 1000 1473; x_wconf 90' lang='lat' dir='ltr'>homi·</span> 
     </span>
     <span class='ocr_line' id='line_1_15' title="bbox 157 1493 1001 1580; baseline 0.002 -23"><span class='ocrx_word' id='word_1_94' title='bbox 157 1497 205 1558; x_wconf 90' lang='lat' dir='ltr'>nis</span> <span class='ocrx_word' id='word_1_95' title='bbox 225 1518 290 1569; x_wconf 85' lang='lat' dir='ltr'>non</span> <span class='ocrx_word' id='word_1_96' title='bbox 312 1500 397 1578; x_wconf 84' lang='lat' dir='ltr'>poffit</span> <span class='ocrx_word' id='word_1_97' title='bbox 419 1497 600 1580; x_wconf 83' lang='lat' dir='ltr'>pertingere,</span> <span class='ocrx_word' id='word_1_98' title='bbox 622 1507 658 1558; x_wconf 88' lang='lat' dir='ltr'>ut</span> <span class='ocrx_word' id='word_1_99' title='bbox 679 1495 708 1558; x_wconf 78' lang='lat' dir='ltr'>dt</span> <span class='ocrx_word' id='word_1_100' title='bbox 730 1493 865 1557; x_wconf 76' lang='lat' dir='ltr'>coelestia</span> <span class='ocrx_word' id='word_1_101' title='bbox 882 1494 1001 1559; x_wconf 85' lang='lat' dir='ltr'>lumina</span> 
     </span>
     <span class='ocr_line' id='line_1_16' title="bbox 158 1579 999 1666; baseline 0.005 -25"><span class='ocrx_word' id='word_1_102' title='bbox 158 1579 211 1642; x_wconf 79' lang='lat' dir='ltr'>fibi</span> <span class='ocrx_word' id='word_1_103' title='bbox 229 1580 334 1644; x_wconf 85' lang='lat' dir='ltr'>servire</span> <span class='ocrx_word' id='word_1_104' title='bbox 348 1598 451 1666; x_wconf 77' lang='lat' dir='ltr'>cogat,</span> <span class='ocrx_word' id='word_1_105' title='bbox 475 1604 530 1643; x_wconf 88' lang='lat' dir='ltr'>nec</span> <span class='ocrx_word' id='word_1_106' title='bbox 546 1581 599 1643; x_wconf 85' lang='lat' dir='ltr'>illa</span> <span class='ocrx_word' id='word_1_107' title='bbox 613 1580 694 1645; x_wconf 82' lang='lat' dir='ltr'>ultro</span> <span class='ocrx_word' id='word_1_108' title='bbox 708 1582 736 1643; x_wconf 86' lang='lat' dir='ltr'>se</span> <span class='ocrx_word' id='word_1_109' title='bbox 750 1582 866 1643; x_wconf 90' lang='lat' dir='ltr'>homini</span> <span class='ocrx_word' id='word_1_110' title='bbox 880 1583 999 1645; x_wconf 87' lang='lat' dir='ltr'>manci·</span> 
     </span>
     <span class='ocr_line' id='line_1_17' title="bbox 157 1663 997 1749; baseline 0.007 -22"><span class='ocrx_word' id='word_1_111' title='bbox 157 1663 238 1746; x_wconf 79' lang='lat' dir='ltr'>paffe</span> <span class='ocrx_word' id='word_1_112' title='bbox 252 1667 399 1730; x_wconf 89' lang='lat' dir='ltr'>credenda</span> <span class='ocrx_word' id='word_1_113' title='bbox 410 1665 483 1728; x_wconf 79' lang='lat' dir='ltr'>sint:</span> <span class='ocrx_word' id='word_1_114' title='bbox 508 1669 650 1749; x_wconf 83' lang='lat' dir='ltr'>sequitur,</span> <span class='ocrx_word' id='word_1_115' title='bbox 673 1684 707 1730; x_wconf 90' lang='lat' dir='ltr'>ut</span> <span class='ocrx_word' id='word_1_116' title='bbox 718 1668 847 1749; x_wconf 87' lang='lat' dir='ltr'>superior</span> <span class='ocrx_word' id='word_1_117' title='bbox 856 1667 997 1749; x_wconf 76' lang='lat' dir='ltr'>quaedam</span> 
     </span>
     <span class='ocr_line' id='line_1_18' title="bbox 157 1747 999 1837; baseline 0.001 -24"><span class='ocrx_word' id='word_1_118' title='bbox 157 1747 194 1813; x_wconf 83' lang='lat' dir='ltr'>stt</span> <span class='ocrx_word' id='word_1_119' title='bbox 207 1749 317 1829; x_wconf 86' lang='lat' dir='ltr'>Mens,</span> <span class='ocrx_word' id='word_1_120' title='bbox 339 1754 424 1837; x_wconf 90' lang='lat' dir='ltr'>cujus</span> <span class='ocrx_word' id='word_1_121' title='bbox 439 1753 564 1833; x_wconf 89' lang='lat' dir='ltr'>imperio</span> <span class='ocrx_word' id='word_1_122' title='bbox 579 1752 779 1834; x_wconf 87' lang='lat' dir='ltr'>pulcherrima</span> <span class='ocrx_word' id='word_1_123' title='bbox 797 1752 851 1814; x_wconf 83' lang='lat' dir='ltr'>illa</span> <span class='ocrx_word' id='word_1_124' title='bbox 871 1774 999 1834; x_wconf 84' lang='lat' dir='ltr'>corpora</span> 
     </span>
     <span class='ocr_line' id='line_1_19' title="bbox 156 1836 997 1921; baseline 0.004 -24"><span class='ocrx_word' id='word_1_125' title='bbox 156 1837 275 1900; x_wconf 90' lang='lat' dir='ltr'>homini</span> <span class='ocrx_word' id='word_1_126' title='bbox 298 1853 384 1900; x_wconf 88' lang='lat' dir='ltr'>tanto</span> <span class='ocrx_word' id='word_1_127' title='bbox 410 1838 487 1898; x_wconf 87' lang='lat' dir='ltr'>insra</span> <span class='ocrx_word' id='word_1_128' title='bbox 509 1836 605 1918; x_wconf 80' lang='lat' dir='ltr'>posrto</span> <span class='ocrx_word' id='word_1_129' title='bbox 626 1860 732 1921; x_wconf 82' lang='lat' dir='ltr'>operas</span> <span class='ocrx_word' id='word_1_130' title='bbox 746 1854 904 1921; x_wconf 81' lang='lat' dir='ltr'>perpetuas</span> <span class='ocrx_word' id='word_1_131' title='bbox 919 1860 997 1919; x_wconf 86' lang='lat' dir='ltr'>prae-</span> 
     </span>
     <span class='ocr_line' id='line_1_20' title="bbox 158 1919 999 2006; baseline 0.004 -24"><span class='ocrx_word' id='word_1_132' title='bbox 158 1919 256 1984; x_wconf 80' lang='lat' dir='ltr'>stent:</span> <span class='ocrx_word' id='word_1_133' title='bbox 282 1947 350 2006; x_wconf 81' lang='lat' dir='ltr'>quae</span> <span class='ocrx_word' id='word_1_134' title='bbox 366 1923 425 2004; x_wconf 88' lang='lat' dir='ltr'>ipsa</span> <span class='ocrx_word' id='word_1_135' title='bbox 439 1921 535 1984; x_wconf 87' lang='lat' dir='ltr'>Mens</span> <span class='ocrx_word' id='word_1_136' title='bbox 550 1945 613 1985; x_wconf 90' lang='lat' dir='ltr'>non</span> <span class='ocrx_word' id='word_1_137' title='bbox 633 1923 692 1985; x_wconf 88' lang='lat' dir='ltr'>alia</span> <span class='ocrx_word' id='word_1_138' title='bbox 713 1922 768 1998; x_wconf 84' lang='lat' dir='ltr'>est,</span> <span class='ocrx_word' id='word_1_139' title='bbox 787 1945 880 2005; x_wconf 84' lang='lat' dir='ltr'>quam</span> <span class='ocrx_word' id='word_1_140' title='bbox 894 1924 999 2003; x_wconf 81' lang='lat' dir='ltr'>opifex</span> 
     </span>
     <span class='ocr_line' id='line_1_21' title="bbox 157 2004 1004 2092; baseline 0.004 -24"><span class='ocrx_word' id='word_1_141' title='bbox 157 2004 299 2086; x_wconf 81' lang='lat' dir='ltr'>fiderum,</span> <span class='ocrx_word' id='word_1_142' title='bbox 321 2027 411 2092; x_wconf 88' lang='lat' dir='ltr'>atque</span> <span class='ocrx_word' id='word_1_143' title='bbox 422 2006 560 2071; x_wconf 78' lang='lat' dir='ltr'>universi.</span> <span class='ocrx_word' id='word_1_144' title='bbox 599 2008 734 2074; x_wconf 45' lang='lat' dir='ltr'>”dotus</span> <span class='ocrx_word' id='word_1_145' title='bbox 745 2024 847 2071; x_wconf 84' lang='lat' dir='ltr'>autem</span> <span class='ocrx_word' id='word_1_146' title='bbox 857 2007 1004 2085; x_wconf 64' lang='lat' dir='ltr'>siderum,</span> 
     </span>
     <span class='ocr_line' id='line_1_22' title="bbox 157 2094 1004 2179; baseline 0.001 -24"><span class='ocrx_word' id='word_1_147' title='bbox 157 2094 238 2175; x_wconf 78' lang='lat' dir='ltr'>⁴qui</span> <span class='ocrx_word' id='word_1_148' title='bbox 248 2095 421 2169; x_wconf 84' lang='lat' dir='ltr'>ecccntrici,</span> <span class='ocrx_word' id='word_1_149' title='bbox 436 2095 547 2177; x_wconf 87' lang='lat' dir='ltr'>quique</span> <span class='ocrx_word' id='word_1_150' title='bbox 559 2094 715 2179; x_wconf 80' lang='lat' dir='ltr'>epicy&#39;clici</span> <span class='ocrx_word' id='word_1_151' title='bbox 724 2094 877 2168; x_wconf 87' lang='lat' dir='ltr'>dicuntur,</span> <span class='ocrx_word' id='word_1_152' title='bbox 900 2095 1004 2156; x_wconf 85' lang='lat' dir='ltr'>mani--</span> 
     </span>
     <span class='ocr_line' id='line_1_23' title="bbox 157 2177 1000 2261; baseline -0.002 -20"><span class='ocrx_word' id='word_1_153' title='bbox 157 2177 231 2241; x_wconf 85' lang='lat' dir='ltr'>feste</span> <span class='ocrx_word' id='word_1_154' title='bbox 246 2180 407 2242; x_wconf 87' lang='lat' dir='ltr'>ostendunt</span> <span class='ocrx_word' id='word_1_155' title='bbox 420 2202 483 2243; x_wconf 92' lang='lat' dir='ltr'>non</span> <span class='ocrx_word' id='word_1_156' title='bbox 496 2181 560 2241; x_wconf 87' lang='lat' dir='ltr'>vim</span> <span class='ocrx_word' id='word_1_157' title='bbox 575 2181 721 2254; x_wconf 80' lang='lat' dir='ltr'>materiae,</span> <span class='ocrx_word' id='word_1_158' title='bbox 743 2178 791 2240; x_wconf 85' lang='lat' dir='ltr'>sed</span> <span class='ocrx_word' id='word_1_159' title='bbox 804 2178 888 2241; x_wconf 78' lang='lat' dir='ltr'>liberi</span> <span class='ocrx_word' id='word_1_160' title='bbox 903 2200 1000 2261; x_wconf 82' lang='lat' dir='ltr'>agen·</span> 
     </span>
     <span class='ocr_line' id='line_1_24' title="bbox 157 2261 999 2328; baseline 0.001 -3"><span class='ocrx_word' id='word_1_161' title='bbox 157 2264 197 2325; x_wconf 87' lang='lat' dir='ltr'>tis</span> <span class='ocrx_word' id='word_1_162' title='bbox 212 2265 442 2328; x_wconf 86' lang='lat' dir='ltr'>ordinationem.</span> <span class='ocrx_word' id='word_1_163' title='bbox 486 2263 572 2326; x_wconf 90' lang='lat' dir='ltr'>Idem</span> <span class='ocrx_word' id='word_1_164' title='bbox 583 2264 728 2326; x_wconf 77' lang='lat' dir='ltr'>testantur</span> <span class='ocrx_word' id='word_1_165' title='bbox 739 2261 883 2326; x_wconf 85' lang='lat' dir='ltr'>astrorum</span> <span class='ocrx_word' id='word_1_166' title='bbox 896 2263 945 2325; x_wconf 89' lang='lat' dir='ltr'>alii</span> <span class='ocrx_word' id='word_1_167' title='bbox 956 2285 999 2326; x_wconf 86' lang='lat' dir='ltr'>ex</span> 
     </span>
     <span class='ocr_line' id='line_1_25' title="bbox 157 2348 1004 2432; baseline 0 -22"><span class='ocrx_word' id='word_1_168' title='bbox 157 2349 231 2423; x_wconf 82' lang='lat' dir='ltr'>bac,</span> <span class='ocrx_word' id='word_1_169' title='bbox 252 2350 302 2411; x_wconf 86' lang='lat' dir='ltr'>alii</span> <span class='ocrx_word' id='word_1_170' title='bbox 314 2373 352 2412; x_wconf 85' lang='lat' dir='ltr'>ex</span> <span class='ocrx_word' id='word_1_171' title='bbox 364 2349 459 2411; x_wconf 85' lang='lat' dir='ltr'>altera</span> <span class='ocrx_word' id='word_1_172' title='bbox 467 2349 538 2411; x_wconf 88' lang='lat' dir='ltr'>coeli</span> <span class='ocrx_word' id='word_1_173' title='bbox 552 2367 634 2430; x_wconf 75' lang='lat' dir='ltr'>parte</span> <span class='ocrx_word' id='word_1_174' title='bbox 646 2348 770 2431; x_wconf 77' lang='lat' dir='ltr'>politus,</span> <span class='ocrx_word' id='word_1_175' title='bbox 791 2365 1004 2432; x_wconf 80' lang='lat' dir='ltr'>terrarumque</span> 
     </span>
     <span class='ocr_line' id='line_1_26' title="bbox 158 2432 1003 2517; baseline 0.001 -22"><span class='ocrx_word' id='word_1_176' title='bbox 158 2454 194 2495; x_wconf 82' lang='lat' dir='ltr'>ac</span> <span class='ocrx_word' id='word_1_177' title='bbox 208 2435 336 2497; x_wconf 87' lang='lat' dir='ltr'>marium</span> <span class='ocrx_word' id='word_1_178' title='bbox 347 2452 411 2497; x_wconf 85' lang='lat' dir='ltr'>tam</span> <span class='ocrx_word' id='word_1_179' title='bbox 422 2435 578 2517; x_wconf 81' lang='lat' dir='ltr'>inaequalis</span> <span class='ocrx_word' id='word_1_180' title='bbox 589 2436 698 2497; x_wconf 81' lang='lat' dir='ltr'>sonna.</span> <span class='ocrx_word' id='word_1_181' title='bbox 741 2432 812 2496; x_wconf 87' lang='lat' dir='ltr'>Nec</span> <span class='ocrx_word' id='word_1_182' title='bbox 825 2434 886 2497; x_wconf 78' lang='lat' dir='ltr'>alio</span> <span class='ocrx_word' id='word_1_183' title='bbox 896 2435 1003 2497; x_wconf 83' lang='lat' dir='ltr'>referri</span> 
     </span>
    </p>
   </div>
   <div class='ocr_carea' id='block_1_3' title="bbox 148 2613 1003 3322">
    <p class='ocr_par' dir='ltr' id='par_1_3' title="bbox 148 2613 1003 2872">
     <span class='ocr_line' id='line_1_27' title="bbox 191 2613 996 2680; baseline -0.002 -16"><span class='ocrx_word' id='word_1_184' title='bbox 191 2632 206 2664; x_wconf 86' lang='lat' dir='ltr'>a</span> <span class='ocrx_word' id='word_1_185' title='bbox 223 2618 565 2680; x_wconf 72' lang='lat' dir='ltr'>UndeMundisnboniniscaasa</span> <span class='ocrx_word' id='word_1_186' title='bbox 594 2617 642 2677; x_wconf 75' lang='lat' dir='ltr'>gari</span> <span class='ocrx_word' id='word_1_187' title='bbox 653 2615 801 2675; x_wconf 77' lang='lat' dir='ltr'>haecomnia,</span> <span class='ocrx_word' id='word_1_188' title='bbox 817 2625 845 2661; x_wconf 86' lang='lat' dir='ltr'>ut</span> <span class='ocrx_word' id='word_1_189' title='bbox 860 2618 882 2660; x_wconf 65' lang='grc' dir='ltr'>δι’</span> <span class='ocrx_word' id='word_1_190' title='bbox 902 2613 996 2676; x_wconf 81' lang='lat' dir='ltr'>sequen-</span> 
     </span>
     <span class='ocr_line' id='line_1_28' title="bbox 148 2677 1003 2746; baseline 0 -19"><span class='ocrx_word' id='word_1_191' title='bbox 148 2677 242 2745; x_wconf 67' lang='lat' dir='ltr'>sfflm</span> <span class='ocrx_word' id='word_1_192' title='bbox 257 2683 321 2729; x_wconf 74' lang='lat' dir='ltr'>etrirn</span> <span class='ocrx_word' id='word_1_193' title='bbox 330 2682 397 2729; x_wconf 83' lang='lat' dir='ltr'>Stoici</span> <span class='ocrx_word' id='word_1_194' title='bbox 413 2680 560 2746; x_wconf 65' lang='lat' dir='ltr'>colligebant]</span> <span class='ocrx_word' id='word_1_195' title='bbox 594 2681 627 2728; x_wconf 87' lang='lat' dir='ltr'>tia</span> <span class='ocrx_word' id='word_1_196' title='bbox 655 2680 775 2738; x_wconf 81' lang='lat' dir='ltr'>nonnulla,</span> <span class='ocrx_word' id='word_1_197' title='bbox 803 2679 917 2740; x_wconf 83' lang='lat' dir='ltr'>opinione,</span> <span class='ocrx_word' id='word_1_198' title='bbox 944 2695 1003 2741; x_wconf 63' lang='grc' dir='ltr'>φιτ»</span> 
     </span>
     <span class='ocr_line' id='line_1_29' title="bbox 158 2744 995 2808; baseline 0 -16"><span class='ocrx_word' id='word_1_199' title='bbox 158 2746 235 2792; x_wconf 78' lang='lat' dir='ltr'>Docet</span> <span class='ocrx_word' id='word_1_200' title='bbox 246 2746 325 2794; x_wconf 69' lang='lat' dir='ltr'>Cicero</span> <span class='ocrx_word' id='word_1_201' title='bbox 342 2748 369 2793; x_wconf 86' lang='lat' dir='ltr'>de</span> <span class='ocrx_word' id='word_1_202' title='bbox 381 2745 470 2793; x_wconf 78' lang='lat' dir='ltr'>Officiis</span> <span class='ocrx_word' id='word_1_203' title='bbox 488 2747 563 2808; x_wconf 83' lang='lat' dir='ltr'>primo</span> <span class='ocrx_word' id='word_1_204' title='bbox 591 2747 642 2807; x_wconf 79' lang='lat' dir='ltr'>jam</span> <span class='ocrx_word' id='word_1_205' title='bbox 662 2744 761 2808; x_wconf 78' lang='lat' dir='ltr'>expiosa.</span> <span class='ocrx_word' id='word_1_206' title='bbox 795 2746 837 2792; x_wconf 84' lang='lat' dir='ltr'>Sed</span> <span class='ocrx_word' id='word_1_207' title='bbox 856 2759 901 2789; x_wconf 89' lang='lat' dir='ltr'>non</span> <span class='ocrx_word' id='word_1_208' title='bbox 919 2747 995 2792; x_wconf 75' lang='lat' dir='ltr'>minus</span> 
     </span>
     <span class='ocr_line' id='line_1_30' title="bbox 158 2809 996 2872; baseline 0.002 -17"><span class='ocrx_word' id='word_1_209' title='bbox 158 2811 181 2855; x_wconf 64' lang='grc' dir='ltr'><strong><em>ὰ</em></strong></span> <span class='ocrx_word' id='word_1_210' title='bbox 194 2810 315 2858; x_wconf 82' lang='lat' dir='ltr'>denatura</span> <span class='ocrx_word' id='word_1_211' title='bbox 328 2812 428 2857; x_wconf 85' lang='lat' dir='ltr'>Deorum</span> <span class='ocrx_word' id='word_1_212' title='bbox 441 2810 544 2857; x_wconf 85' lang='lat' dir='ltr'>seeundo.</span> <span class='ocrx_word' id='word_1_213' title='bbox 595 2811 678 2857; x_wconf 73' lang='lat' dir='ltr'>divinae</span> <span class='ocrx_word' id='word_1_214' title='bbox 699 2810 808 2872; x_wconf 69' lang='lat' dir='ltr'>potentie</span> <span class='ocrx_word' id='word_1_215' title='bbox 827 2809 926 2857; x_wconf 88' lang='lat' dir='ltr'>efficacia</span> <span class='ocrx_word' id='word_1_216' title='bbox 944 2825 996 2857; x_wconf 86' lang='lat' dir='ltr'>cer-</span> 
     </span>
    </p>

    <p class='ocr_par' dir='ltr' id='par_1_4' title="bbox 156 2873 998 3322">
     <span class='ocr_line' id='line_1_31' title="bbox 193 2873 997 2938; baseline 0.001 -16"><span class='ocrx_word' id='word_1_217' title='bbox 193 2890 207 2937; x_wconf 79' lang='lat'><em>3</em></span> <span class='ocrx_word' id='word_1_218' title='bbox 236 2880 307 2922; x_wconf 75' lang='lat' dir='ltr'>Motus</span> <span class='ocrx_word' id='word_1_219' title='bbox 326 2887 395 2922; x_wconf 70' lang='lat' dir='ltr'>auten</span> <span class='ocrx_word' id='word_1_220' title='bbox 409 2874 504 2936; x_wconf 69' lang='lat' dir='ltr'>fiderunt</span> <span class='ocrx_word' id='word_1_221' title='bbox 521 2877 561 2938; x_wconf 81' lang='lat' dir='ltr'>qai</span> <span class='ocrx_word' id='word_1_222' title='bbox 592 2875 656 2921; x_wconf 84' lang='lat' dir='ltr'>nitur</span> <span class='ocrx_word' id='word_1_223' title='bbox 672 2875 696 2921; x_wconf 87' lang='lat' dir='ltr'>in</span> <span class='ocrx_word' id='word_1_224' title='bbox 712 2874 866 2921; x_wconf 75' lang='lat' dir='ltr'>constantibus</span> <span class='ocrx_word' id='word_1_225' title='bbox 880 2873 925 2921; x_wconf 77' lang='lat' dir='ltr'>illia</span> <span class='ocrx_word' id='word_1_226' title='bbox 942 2891 997 2923; x_wconf 81' lang='lat' dir='ltr'>mo·</span> 
     </span>
     <span class='ocr_line' id='line_1_32' title="bbox 157 2938 994 3004; baseline -0.001 -20"><span class='ocrx_word' id='word_1_227' title='bbox 157 2939 276 2994; x_wconf 72' lang='lat' dir='ltr'>xoemricr&#39;,</span> <span class='ocrx_word' id='word_1_228' title='bbox 302 2940 381 3002; x_wconf 81' lang='lat' dir='ltr'>quique</span> <span class='ocrx_word' id='word_1_229' title='bbox 401 2938 506 3004; x_wconf 70' lang='lat' dir='ltr'>epiryclirr&#39;</span> <span class='ocrx_word' id='word_1_230' title='bbox 524 2939 561 2985; x_wconf 81' lang='lat' dir='ltr'>di.</span> <span class='ocrx_word' id='word_1_231' title='bbox 593 2939 656 2984; x_wconf 78' lang='lat' dir='ltr'>tibua</span> <span class='ocrx_word' id='word_1_232' title='bbox 688 2938 834 2985; x_wconf 77' lang='lat' dir='ltr'>Planetamm</span> <span class='ocrx_word' id='word_1_233' title='bbox 876 2939 994 2999; x_wconf 65' lang='lat' dir='ltr'>edistius,</span> 
     </span>
     <span class='ocr_line' id='line_1_33' title="bbox 156 2999 996 3066; baseline -0.002 -17"><span class='ocrx_word' id='word_1_234' title='bbox 156 2999 257 3064; x_wconf 66' lang='lat' dir='ltr'>cantum]</span> <span class='ocrx_word' id='word_1_235' title='bbox 275 3003 373 3050; x_wconf 66' lang='lat' dir='ltr'>Tradiat</span> <span class='ocrx_word' id='word_1_236' title='bbox 389 3004 456 3049; x_wconf 73' lang='lat' dir='ltr'>dotte</span> <span class='ocrx_word' id='word_1_237' title='bbox 467 3003 512 3049; x_wconf 85' lang='lat' dir='ltr'>hoe</span> <span class='ocrx_word' id='word_1_238' title='bbox 523 3019 561 3049; x_wconf 86' lang='lat' dir='ltr'>ar·</span> <span class='ocrx_word' id='word_1_239' title='bbox 593 3004 653 3049; x_wconf 75' lang='lat' dir='ltr'>cirta</span> <span class='ocrx_word' id='word_1_240' title='bbox 668 3002 755 3061; x_wconf 80' lang='lat' dir='ltr'>Solem,</span> <span class='ocrx_word' id='word_1_241' title='bbox 780 3018 819 3066; x_wconf 77' lang='lat' dir='ltr'>per</span> <span class='ocrx_word' id='word_1_242' title='bbox 838 3003 996 3049; x_wconf 78' lang='lat' dir='ltr'>fluiditsrmum</span> 
     </span>
     <span class='ocr_line' id='line_1_34' title="bbox 157 3066 996 3130; baseline -0.004 -18"><span class='ocrx_word' id='word_1_243' title='bbox 157 3077 297 3126; x_wconf 60' lang='lat' dir='ltr'>tomentum</span> <span class='ocrx_word' id='word_1_244' title='bbox 324 3067 477 3114; x_wconf 77' lang='lat' dir='ltr'>Maimonides</span> <span class='ocrx_word' id='word_1_245' title='bbox 508 3066 560 3112; x_wconf 89' lang='lat' dir='ltr'>Du·</span> <span class='ocrx_word' id='word_1_246' title='bbox 591 3067 717 3130; x_wconf 61' lang='lat' dir='ltr'>vorticem</span> <span class='ocrx_word' id='word_1_247' title='bbox 735 3067 769 3113; x_wconf 90' lang='lat' dir='ltr'>ita</span> <span class='ocrx_word' id='word_1_248' title='bbox 783 3079 811 3113; x_wconf 86' lang='lat' dir='ltr'>ut</span> <span class='ocrx_word' id='word_1_249' title='bbox 828 3084 868 3114; x_wconf 85' lang='lat' dir='ltr'>nec</span> <span class='ocrx_word' id='word_1_250' title='bbox 887 3068 996 3113; x_wconf 72' lang='lat' dir='ltr'>accedant</span> 
     </span>
     <span class='ocr_line' id='line_1_35' title="bbox 157 3127 995 3193; baseline -0.002 -18"><span class='ocrx_word' id='word_1_251' title='bbox 157 3130 223 3176; x_wconf 67' lang='lat' dir='ltr'>tiore</span> <span class='ocrx_word' id='word_1_252' title='bbox 234 3131 389 3178; x_wconf 72' lang='lat' dir='ltr'>dubitantium</span> <span class='ocrx_word' id='word_1_253' title='bbox 404 3144 467 3193; x_wconf 76' lang='lat' dir='ltr'>parte</span> <span class='ocrx_word' id='word_1_254' title='bbox 480 3145 519 3178; x_wconf 72' lang='lat' dir='ltr'>ar.</span> <span class='ocrx_word' id='word_1_255' title='bbox 538 3145 560 3178; x_wconf 82' lang='lat' dir='ltr'>t.</span> <span class='ocrx_word' id='word_1_256' title='bbox 593 3147 712 3191; x_wconf 86' lang='lat' dir='ltr'>umquam,</span> <span class='ocrx_word' id='word_1_257' title='bbox 735 3147 776 3178; x_wconf 88' lang='lat' dir='ltr'>nee</span> <span class='ocrx_word' id='word_1_258' title='bbox 795 3134 908 3187; x_wconf 79' lang='lat' dir='ltr'>recedant,</span> <span class='ocrx_word' id='word_1_259' title='bbox 933 3127 995 3189; x_wconf 84' lang='lat' dir='ltr'>plus-</span> 
     </span>
     <span class='ocr_line' id='line_1_36' title="bbox 156 3189 997 3258; baseline -0.004 -18"><span class='ocrx_word' id='word_1_260' title='bbox 156 3207 199 3255; x_wconf 86' lang='lat' dir='ltr'>a4.</span> <span class='ocrx_word' id='word_1_261' title='bbox 233 3189 339 3258; x_wconf 72' lang='lat' dir='ltr'>Qod‘sa</span> <span class='ocrx_word' id='word_1_262' title='bbox 352 3206 438 3243; x_wconf 80' lang='lat' dir='ltr'>terram</span> <span class='ocrx_word' id='word_1_263' title='bbox 455 3205 563 3257; x_wconf 82' lang='lat' dir='ltr'>perpetuo</span> <span class='ocrx_word' id='word_1_264' title='bbox 594 3211 665 3257; x_wconf 81' lang='lat' dir='ltr'>quam</span> <span class='ocrx_word' id='word_1_265' title='bbox 682 3194 765 3256; x_wconf 76' lang='lat' dir='ltr'>solent,</span> <span class='ocrx_word' id='word_1_266' title='bbox 789 3194 802 3240; x_wconf 73' lang='lat' dir='ltr'>i</span> <span class='ocrx_word' id='word_1_267' title='bbox 823 3207 910 3249; x_wconf 86' lang='lat' dir='ltr'>centro,</span> <span class='ocrx_word' id='word_1_268' title='bbox 936 3191 997 3238; x_wconf 89' lang='lat' dir='ltr'>sem·</span> 
     </span>
     <span class='ocr_line' id='line_1_37' title="bbox 156 3253 998 3322; baseline -0.012 -14"><span class='ocrx_word' id='word_1_269' title='bbox 156 3259 247 3308; x_wconf 74' lang='lat' dir='ltr'>moveri</span> <span class='ocrx_word' id='word_1_270' title='bbox 266 3260 370 3322; x_wconf 42' lang='lat' dir='ltr'>statuam,</span> <span class='ocrx_word' id='word_1_271' title='bbox 396 3276 431 3308; x_wconf 72' lang='lat' dir='ltr'>raa</span> <span class='ocrx_word' id='word_1_272' title='bbox 451 3258 492 3307; x_wconf 87' lang='lat' dir='ltr'>sub</span> <span class='ocrx_word' id='word_1_273' title='bbox 512 3259 563 3306; x_wconf 82' lang='lat' dir='ltr'>aliia</span> <span class='ocrx_word' id='word_1_274' title='bbox 596 3275 678 3321; x_wconf 83' lang='lat' dir='ltr'>perque</span> <span class='ocrx_word' id='word_1_275' title='bbox 706 3262 754 3321; x_wconf 79' lang='lat' dir='ltr'>pari</span> <span class='ocrx_word' id='word_1_276' title='bbox 780 3259 914 3320; x_wconf 68' lang='lat' dir='ltr'>obtzquirate</span> <span class='ocrx_word' id='word_1_277' title='bbox 937 3253 998 3300; x_wconf 80' lang='lat' dir='ltr'>Solia</span> 
     </span>
    </p>
   </div>
   <div class='ocr_carea' id='block_1_4' title="bbox 157 3318 964 3515">
    <p class='ocr_par' dir='ltr' id='par_1_5' title="bbox 157 3318 964 3515">
     <span class='ocr_line' id='line_1_38' title="bbox 157 3318 964 3387; baseline -0.007 -16"><span class='ocrx_word' id='word_1_278' title='bbox 157 3323 291 3371; x_wconf 72' lang='lat' dir='ltr'>nominibus</span> <span class='ocrx_word' id='word_1_279' title='bbox 303 3325 384 3372; x_wconf 74' lang='lat' dir='ltr'>eodem</span> <span class='ocrx_word' id='word_1_280' title='bbox 394 3326 485 3373; x_wconf 82' lang='lat' dir='ltr'>redibit.</span> <span class='ocrx_word' id='word_1_281' title='bbox 595 3335 736 3387; x_wconf 63' lang='lat' dir='ltr'>quatum</span> <span class='ocrx_word' id='word_1_282' title='bbox 750 3323 834 3373; x_wconf 65' lang='lat' dir='ltr'>(aaut.</span> <span class='ocrx_word' id='word_1_283' title='bbox 864 3318 964 3366; x_wconf 68' lang='lat' dir='ltr'>cler-icus.</span> 
     </span>
     <span class='ocr_line' id='line_1_39' title="bbox 188 3387 722 3515; baseline 0 -79"><span class='ocrx_word' id='word_1_284' title='bbox 188 3388 381 3454; x_wconf 56' lang='lat' dir='ltr'>aQr&#39;rcrmrici</span> <span class='ocrx_word' id='word_1_285' title='bbox 396 3387 563 3456; x_wconf 46' lang='lat' dir='ltr'>&amp;ssawic</span> <span class='ocrx_word' id='word_1_286' title='bbox 590 3389 669 3515; x_wconf 61' lang='grc' dir='ltr'>Α’(ὶ</span> <span class='ocrx_word' id='word_1_287' title='bbox 719 3408 722 3412; x_wconf 92' lang='grc'><strong><em>·</em></strong></span> 
     </span>
    </p>
   </div>
   <div class='ocr_carea' id='block_1_5' title="bbox 891 3442 1003 3673">
    <p class='ocr_par' dir='ltr' id='par_1_6' title="bbox 891 3442 1003 3673">
     <span class='ocr_line' id='line_1_40' title="bbox 891 3442 1003 3528; baseline -0.045 0"><span class='ocrx_word' id='word_1_288' title='bbox 891 3442 1003 3528; x_wconf 60' lang='grc' dir='ltr'>90τεῦ,</span> 
     </span>
     <span class='ocr_line' id='line_1_41' title="bbox 932 3597 993 3673; baseline 0 0"><span class='ocrx_word' id='word_1_289' title='bbox 932 3597 993 3673; x_wconf 72' lang='grc' dir='ltr'><strong><em>Δ</em></strong></span> 
     </span>
    </p>
   </div>
   <div class='ocr_carea' id='block_1_6' title="bbox 0 0 1168 4050">
    <p class='ocr_par' dir='ltr' id='par_1_7' title="bbox 0 0 1168 4050">
     <span class='ocr_line' id='line_1_42' title="bbox 0 0 1168 4050; baseline 0 0"><span class='ocrx_word' id='word_1_290' title='bbox 0 0 1168 4050; x_wconf 95' lang='lat' dir='ltr'> </span> 
     </span>
    </p>
   </div>
  </div>
 </body>
</html>
