2325 4050
252 343 630 408 Rasroronum
669 338 855 405 Lina-rr.
916 362 977 425 301.

134 469 236 532 adlata
250 470 287 532 de
301 468 482 532 confessione
497 466 679 552 Religionis,
699 469 765 530 sore
780 469 928 532 interdum
945 485 981 532 ut

136 555 308 617 faciendum
323 555 381 616 hoc
396 552 443 628 stt,
465 574 536 614 cum
551 554 688 615 maximo
702 554 772 621 odio
792 557 978 637 propinquo-

136 662 206 702 rum
228 639 410 713 nostrorum,
443 653 533 721 atque
557 640 734 701 imminente
761 655 851 702 certae
873 641 984 702 mortis

136 723 290 806 periculo:
313 722 404 810 ⁹Qn'
418 739 510 799 amat,
533 724 643 806 inquit,
663 739 772 808 patrem
783 741 834 788 aut
848 741 978 802 matrem,

131 811 290 894 plusquam
299 833 352 887 me,
376 831 428 871 non
439 809 527 892 estme
536 811 636 893 dignus
643 837 653 886 3
678 811 713 873 sd
724 811 773 892 qui
783 824 862 874 amat
868 811 979 893 filium,

135 909 190 958 aut
201 896 310 980 filiam,
325 895 415 980 super
428 918 482 971 me,
504 916 555 957 non
567 896 606 979 est
617 919 658 958 me
672 897 787 978 dignum
810 894 907 979 qualis
924 895 982 972 est,

136 980 189 1062 qui
205 979 349 1064 dogmata
364 977 394 1041 &
409 992 571 1061 praecepta,
595 979 612 1041 a
627 976 746 1059 Christo
761 983 909 1063 accepta,
920 983 978 1045 dis·

137 1064 269 1140 simulat,
292 1066 323 1127 in
334 1064 462 1150 gratiam
476 1063 609 1126 familiae.
653 1063 724 1126 Nec
735 1063 833 1128 omisit
841 1065 982 1130 Christus

136 1171 274 1226 monere,
305 1165 426 1233 propter
446 1149 647 1212 constantiam
669 1151 825 1227 e‘usmodi,
848 1166 979 1214 mortem

136 1251 276 1316 oportere
298 1234 472 1316 exspestari,
495 1257 594 1319 neque
617 1256 655 1299 eo
674 1173 767 1299 secius
790 1237 821 1297 in
844 1236 993 1300 instituto—

137 1320 338 1405 pergendum,
361 1320 391 1383 &
407 1319 460 1402 qui
484 1335 640 1403 propterea
654 1323 748 1384 vitam
762 1321 842 1384 hanc
857 1323 979 1386 amitte-

137 1419 196 1481 ret,
219 1427 289 1467 eum
312 1404 431 1467 beatam
454 1404 726 1482 immortalitatem,
748 1407 780 1468 in
795 1405 888 1470 altera
901 1409 977 1487 vita,

137 1490 411 1574 consequuturum:
435 1497 445 1526 ¹
459 1488 526 1576 ,6ζηί
535 1513 589 1554 non
602 1492 701 1576 accipit
712 1515 816 1556 crucem
822 1491 919 1579 fitam,
942 1496 978 1557 fid

127 1575 263 1662 fiquitur
286 1600 339 1653 me,
375 1599 429 1640 non
456 1578 496 1660 qs!
523 1600 566 1640 me
591 1579 701 1662 dignus.
745 1575 815 1664 Qui
837 1578 979 1663 inuenerit

137 1663 232 1724 vitam
259 1687 324 1726 uam
337 1663 383 1743 (in
395 1663 454 1724 hoc
466 1661 589 1743 saeculo)
603 1665 700 1746 perdet
709 1664 786 1726 illam
800 1662 846 1743 (in
857 1663 976 1746 futuro)

138 1746 175 1808 &
195 1769 241 1829 qur
260 1748 418 1831 perdiderit
439 1747 486 1830 (in
508 1747 609 1830 terris)
629 1747 721 1811 vitam
736 1747 833 1835 suam,
863 1763 979 1833 propter

137 1855 192 1927 ''l‘’
215 1831 338 1895 inveniet
362 1856 435 1907 eam,
463 1833 497 1893 'in
520 1832 615 1908 coelo,
645 1853 772 1916 eamque
795 1833 887 1919 longe
909 1833 977 1896 feli-

139 1936 253 1979 ciorem
268 1933 358 1999 atque
374 1933 528 1979 aeternam.

155 2019 159 2027 '
182 1999 264 2084 Qiae
284 2003 419 2065 doslrina
436 2004 477 2065 ita
492 2002 645 2084 perspicua
659 2000 713 2079 est,
736 2016 771 2065 ut
784 2000 870 2065 nulla
884 2000 976 2065 Chri-

137 2084 314 2164 stianorum,
337 2090 396 2150 hoc
409 2102 557 2169 tempore,
580 2088 705 2163 familia,
727 2089 807 2149 circa
819 2109 886 2149 eam
898 2088 976 2151 diffi-

135 2171 217 2234 deat.
254 2173 319 2256 Qi
333 2174 476 2235 Romano
487 2171 627 2234 Pontifici
639 2185 755 2258 parent,
778 2172 808 2234 δι
820 2172 871 2254 qui
883 2172 975 2235 desie-

138 2273 337 2339 runtparere,
359 2260 544 2341 quicumque
559 2256 627 2333 sint,
649 2280 755 2319 omnes
768 2279 976 2319 unoorecon-
1051 2336 1055 2341 1

136 2343 267 2406 tendunt
286 2345 369 2406 nefas
392 2343 448 2406 esse
469 2344 649 2406 dissimulare
670 2344 753 2425 quod
775 2344 915 2405 sentimus
938 2344 976 2405 de

139 2427 323 2513 Religione3
361 2429 412 2491 ubi
438 2443 570 2513 aguntur
593 2429 736 2511 dogmata
761 2430 880 2512 majoris
907 2451 976 2492 mo·

137 2517 247 2591 menti,
269 2514 298 2577 &
318 2536 389 2577 cum
411 2536 458 2575 res
478 2513 538 2576 sine
561 2512 747 2576 seditione&
763 2514 897 2576 tumultu
913 2513 976 2576 lieri

138 2598 244 2678 potest.
288 2598 374 2661 Nam
389 2600 498 2662 redlius
510 2597 563 2675 est,
587 2600 618 2660 in
633 2601 681 2675 iis,
704 2598 764 2660 stne
777 2600 886 2681 quibus
903 2598 975 2661 fides

138 2682 210 2748 Deo
226 2686 337 2760 debita,
361 2684 399 2748 δι·
412 2684 549 2747 ἷηηᾶἰτεε
570 2706 690 2746 morum
710 2684 876 2745 incolumes
896 2685 975 2761 sunt,

138 2772 316 2833 dissimulare
330 2772 403 2853 quid
418 2770 592 2831 sentiamus:
617 2790 655 2830 ne
678 2770 886 2831 contentiones
907 2792 974 2851 per-

138 2872 250 2939 petuae,
273 2857 350 2919 inter
368 2853 566 2930 Christianos,
596 2854 765 2916 excitentur
772 2880 782 2928 3
813 2877 884 2917 cum
906 2877 974 2935 per-

138 2942 228 3023 pauci
250 2940 306 3027 srnt
320 2940 387 3003 Viri
411 2939 546 3022 Eruditi,
571 2939 623 3022 qui
647 2940 683 3002 de
705 2940 845 3001 omnibus
868 2942 977 3023 pariter

137 3027 275 3090 sentiant.
320 3026 627 3112 Difflrnulare‚autem
648 3026 787 3102 dicimus,
810 3048 873 3088 non
902 3046 975 3087 rmu-

137 3116 198 3177 Iare
206 3139 215 3188 ;
238 3135 310 3176 nam
324 3107 423 3174 tacere
438 3112 510 3195 quid
524 3112 631 3174 sentias
642 3132 706 3173 non
721 3110 763 3171 est
777 3111 904 3186 mentiri,
928 3108 975 3170 sed

138 3198 236 3261 dicere
250 3213 280 3261 te
300 3197 418 3260 credere
440 3197 470 3259 id
491 3196 573 3281 quod
595 3218 658 3259 non
672 3194 787 3270 credas,
808 3194 839 3257 id
853 3194 976 3256 demum

172 3318 247 3383 qu'
256 3317 338 3385 arnan]
358 3318 447 3369 Matth.
461 3332 486 3369 x.
501 3333 539 3382 37.
609 3330 621 3365 1
639 3316 688 3383 Qi
700 3319 739 3363 aar
753 3310 857 3378 flcrt'pila]
875 3314 934 3361 lbirl.
950 3326 975 3356 x.
1005 3371 1007 3380 Ι

141 3383 181 3447 38,
201 3399 238 3446 39·

891 3457 977 3512 men·
