2325 4050
184 313 249 390 270
291 299 921 386 Jerrmernru-mmr

93 444 100 457 ·
182 429 336 503 sentirent,
358 448 398 489 ne
411 426 568 492 veritatem
585 426 792 510 proderemus,
813 428 1058 494 mentiremure.

181 535 255 596 que,
277 511 475 577 secedendum
489 511 528 572 ab
543 512 579 576 iis
594 512 736 577 omnibus
750 511 831 577 esset.

181 677 273 768 5111.
298 683 327 745 Ii
339 683 409 768 sunt
425 682 651 767 Christianorum
665 681 772 746 nomine
791 681 961 769 dignifflmi,
985 682 1037 765 qui

218 768 364 853 puriffime
391 770 513 832 omnium
543 768 714 852 profitentur
741 769 912 846 dominam,
952 767 1036 852 cujus

225 855 376 915 veritatem
386 853 521 936 probavit
536 850 596 918 GR
602 870 724 916 ortus.

159 976 164 985 '
224 965 366 1029 Vanum
391 990 455 1031 non
479 966 553 1029 levis
575 967 724 1029 momenti
750 965 877 1050 quaestio
891 964 950 1042 est,
973 983 1034 1028 nec

182 1051 279 1113 solutu
306 1053 414 1129 facilis,
450 1074 511 1134 qua
538 1053 696 1134 quaeritur,
733 1053 859 1135 quinam
884 1052 1033 1115 omnium

177 1134 434 1213 Christianorum,
455 1159 589 1220 quorum
603 1158 686 1199 nunc
701 1137 768 1198 sunt
788 1152 900 1212 coetus,
926 1136 1032 1198 rectis·

181 1220 253 1283 sime
276 1222 415 1297 sentiant,
438 1221 555 1304 sintque
576 1223 713 1297 nomine,
736 1245 799 1305 quo
821 1222 1032 1303 adpellantur,

181 1307 350 1390 dignissimi.
395 1306 573 1369 Christianae
593 1328 700 1369 omnes
716 1304 871 1383 Ecclefiae,
893 1322 962 1372 tam
984 1328 1031 1369 eae

182 1414 251 1472 quae
272 1394 337 1477 jam
360 1392 475 1455 dudum
498 1393 515 1454 a
542 1391 684 1455 Romana
709 1390 897 1469 secesserunt,
933 1412 1031 1474 quam

183 1475 326 1539 Romana
340 1478 411 1560 ipsa,
433 1480 493 1540 hoc
508 1476 559 1539 fibi
578 1476 704 1561 singulae
717 1477 873 1540 tribuunt:
896 1498 958 1539 nec
972 1475 1030 1553 est,

181 1559 349 1624 strationes
364 1585 470 1625 omnes
485 1563 622 1645 seponas,
644 1582 700 1624 cur
709 1562 918 1709 huiczffion‘us
933 1582 1031 1645 quem

181 1646 238 1723 illi,
261 1646 352 1710 fidem
374 1649 503 1723 habeas;
528 1646 655 1711 stultum
679 1648 761 1710 enim
827 1662 858 1709 et
874 1647 1031 1733 ejufinodi

180 1731 362 1798 elestionem
397 1730 501 1796 ³casui
529 1733 714 1815 permittent,
749 1732 780 1796 &
809 1731 1030 1797 omnoverfiar

182 1839 301 1893 omnes,
323 1817 456 1882 talorum
465 1818 563 1905 jado,
587 1833 622 1881 ut
636 1815 675 1880 src
688 1816 809 1902 loquar,
830 1817 982 1882 dirimere.

226 1901 309 1966 Cum
323 1925 396 1967 vero
415 1901 593 1968 Gnortus
616 1903 709 1967 stistte
733 1902 848 1968 nullius
870 1903 1030 1967 hodierne

181 1987 359 2059 Christianae
382 1989 579 2074 peculiarium
599 1989 779 2076 dogmatum
803 1991 962 2065 veritatem
987 2011 1029 2053 o·

182 2073 323 2137 stenderit
335 2102 345 2151 ;
382 2077 430 2138 sed
464 2078 527 2161 ejus
559 2090 682 2138 tanturn
711 2075 894 2161 Religionis,
930 2097 1028 2159 quam

182 2158 319 2223 Christus
334 2161 363 2224 &
379 2159 516 2244 Apostoli
527 2162 667 2222 homines
682 2161 871 2236 docuerunt3
893 2161 1031 2244 sequitur

183 2261 217 2306 ut
238 2268 273 2309 ea
295 2245 534 2310 Christianorum
557 2244 671 2309 familia
694 2245 730 2308 stt
751 2247 892 2310 omnibus
915 2247 1028 2328 praese-

180 2331 286 2407 tenda,
324 2354 393 2415 quae
418 2333 550 2393 maxime
577 2333 715 2394 omnium
742 2354 778 2395 ea
803 2346 918 2408 tuetur,
953 2354 1028 2415 quae

183 2414 320 2479 Christus
344 2417 373 2479 δι
388 2416 526 2498 Apostoli
549 2417 726 2480 docuerunt.
771 2417 818 2480 Ea
832 2417 956 2480 demum
971 2439 1029 2499 per

182 2503 285 2565 omnia
296 2524 364 2564 vere
376 2500 545 2565 Christiana
557 2501 599 2563 est
611 2501 745 2586 Religio,
761 2523 842 2586 quae,
859 2500 920 2564 stne
931 2500 1026 2565 ullius

181 2588 373 2672 cogitationis
388 2589 529 2650 humanae
544 2586 678 2664 mistura,
700 2589 739 2649 ad
750 2586 905 2650 Christum
917 2587 1027 2650 audio·

181 2693 246 2734 rem
263 2689 326 2736 tota
340 2673 440 2734 referri
457 2671 562 2754 potest.
607 2672 644 2735 In
667 2695 734 2734 earn
757 2673 906 2755 quadrant
931 2694 1026 2756 argu-

180 2775 285 2820 menta
308 2757 359 2820 illa
385 2760 530 2835 veritatis,
561 2780 630 2840 quae
652 2757 747 2820 Libro
770 2758 811 2821 ll.
835 2761 869 2821 de
894 2755 1027 2822 Veritate

181 2842 340 2926 Religionis
366 2843 539 2927 Christiane
561 2842 695 2924 exposita
710 2844 788 2918 sunt,
812 2865 869 2904 nec
895 2842 945 2905 alii
968 2843 1026 2906 ulli

183 2929 382 3002 conveniunt,
405 2926 457 2988 nisr
469 2944 619 3009 quatenus
634 2951 705 2989 curn
721 2950 756 2989 ea
771 2927 928 2990 consentit.

224 3014 319 3097 Qrod
345 3012 366 3074 sr
389 3013 456 3095 quis
479 3013 627 3089 detrahat,
650 3013 697 3074 vel
725 3013 814 3076 addat
837 3012 982 3074 dodirinae
1008 3012 1027 3077 ri

181 3095 303 3161 Christo
315 3098 442 3172 traditae,
466 3120 502 3159 eo
513 3099 610 3183 magis
623 3100 723 3160 ivero
736 3099 858 3175 recedit,
880 3121 943 3180 quo
955 3098 1025 3180 plus

151 3213 154 3220 =
179 3183 321 3261 detrahit,
345 3199 397 3245 aut
419 3182 510 3244 addit.
556 3183 640 3246 Cum
663 3199 765 3245 autem
785 3185 859 3246 Chri
883 3187 894 3245 i
915 3186 1025 3246 doHri-

135 3282 164 3313 ·'
271 3271 352 3347 dico,
386 3290 453 3331 eam
478 3267 629 3352 intelligo,
662 3290 755 3351 quam
779 3269 867 3350 plane
892 3266 1024 3347 constat,

128 3290 246 3656 ἵ
281 3448 294 3499 3
307 3429 371 3494 casui
379 3427 522 3495 permittere]
541 3431 601 3477 Vide
612 3437 661 3479 not.
675 3442 700 3477 a.
714 3444 737 3493 p.
748 3429 805 3490 2⁶7.
818 3429 846 3476 td
858 3426 883 3495 ᾗ.
893 3429 927 3480 11.
1005 3490 1025 3551 d

944 3512 1004 3572 apu
