2325 4050
325 264 653 331 kenenus-r.
687 267 781 334 Lro.
802 268 832 336 1.
960 292 1001 365 ις

157 397 285 468 accepta
299 383 367 448 ferri
382 384 526 448 debeant:
570 383 669 468 qualis
691 382 767 447 olim
777 384 848 448 tuit
860 386 1000 455 vistinia-

158 491 227 533 rum
251 471 285 532 in
307 470 393 532 sacris
416 469 571 544 madrarim
603 469 633 532 δι
655 491 738 531 nunc
758 492 882 553 quoque
903 474 1002 559 pudor

157 555 238 617 circa
249 576 298 618 res
306 554 447 630 Veneris,
469 556 644 638 nuptiarum
655 552 812 633 solemnia,
828 556 1003 621 &incesto-

156 639 326 724 mmmm.

266 785 287 871 §
301 786 391 850 VIII.
416 789 466 853 Ad
477 789 652 874 objenionem
666 790 699 852 de
713 788 781 852 mali
795 790 889 877 causa.

199 888 316 972 Neque
338 891 377 953 ab
402 911 451 966 eo,
482 891 565 973 quod
591 890 734 967 diximus,
764 891 916 954 dimovere
941 912 1002 956 nos

157 974 260 1051 debet,
283 973 365 1058 quod
388 975 468 1037 maia
489 975 586 1037 multa
600 976 719 1043 evenire
734 977 896 1053 cernimus,
919 1000 999 1060 quo-

157 1081 227 1121 rum
242 1059 361 1121 videtur
371 1059 415 1120 ori
438 1083 457 1122 o
471 1057 544 1122 Deo
558 1060 680 1121 adscribi
696 1082 759 1125 non
773 1060 874 1143 poise5
896 1076 931 1123 ut
966 1064 1000 1125 ui

158 1143 378 1226 perfeffiffime
411 1082 485 1207 &cut
510 1158 580 1206 ante
605 1143 720 1207 dietum
742 1145 797 1222 est,
826 1147 924 1208 bonus
944 1085 997 1210 Iit.

157 1227 246 1290 Nam
265 1250 337 1291 cum
354 1229 498 1304 diximus,
520 1228 627 1291 Deum
641 1231 779 1292 omnium
794 1229 850 1292 effe
865 1233 1001 1308 causam,

158 1313 341 1390 addidimus,
371 1335 489 1391 eorum,
520 1334 591 1396 quae
616 1335 686 1375 vere
711 1312 887 1390 subsistunt3
922 1316 999 1378 nihil

157 1400 242 1461 enim
267 1399 416 1480 prohibet,
446 1399 610 1481 quominus
635 1398 708 1480 ipsa,
740 1421 810 1481 quae
831 1397 998 1476 subsistunt,

157 1484 267 1546 deinde
281 1484 377 1546 causae
390 1482 447 1546 sint
462 1483 664 1547 accidentium
677 1484 899 1566 quorumdam3
922 1506 1002 1567 qua-

158 1568 203 1630 les
231 1569 299 1631 sunt
323 1568 467 1631 adiiones.
511 1566 599 1633 Deus
625 1568 780 1630 hominem
808 1568 839 1632 ἃ
867 1585 999 1648 mentes,

158 1653 345 1716 sublimiores
356 1654 493 1731 homine,
514 1655 627 1716 creavit
637 1675 710 1716 cum
721 1654 830 1738 agendi
840 1654 978 1717 libertate
985 1683 997 1731 3

159 1760 230 1821 quae
252 1738 360 1824 agendi
381 1738 503 1801 libertas
524 1739 630 1801 vitiosa
650 1760 712 1801 non
735 1736 792 1815 est,
811 1739 883 1803 sed's
901 1740 998 1823 potest

159 1825 254 1886 suavi
270 1822 382 1906 aliquid
397 1824 535 1886 vitiosum
547 1823 722 1905 producere.
767 1823 810 1886 Et
822 1827 911 1910 hujus
927 1827 996 1910 qui-

158 1908 230 1970 dem
244 1909 362 1993 generis
376 1907 476 1984 malis,
497 1931 567 1992 quae
581 1907 735 1971 moraliter
748 1908 829 1971 maia
842 1910 1000 1986 dicuntur,

159 1994 287 2056 omnino
298 1990 404 2056 Deum
418 1993 579 2057 adscribere
593 1993 747 2056 auetorem
758 1993 842 2057 nefas
856 1993 908 2057 est.
952 1995 999 2058 At

159 2079 240 2155 sunt,
262 2100 331 2161 quae
353 2078 413 2140 alio
440 2077 521 2141 sensu
546 2079 689 2141 dicuntur
709 2078 802 2154 mala,
821 2082 893 2162 quia
907 2094 1000 2144 certae

159 2164 292 2245 personae
301 2162 412 2226 doloris
423 2178 477 2226 aut
486 2164 589 2227 damni
604 2164 743 2226 adferunt
754 2163 883 2247 aliquid,
900 2165 1001 2247 quaed

159 2248 233 2312 Deo
256 2248 412 2331 proficisci,
434 2264 507 2330 puta
528 2249 566 2311 ad
588 2248 832 2310 emendationem
853 2250 997 2325 hominis,

159 2335 320 2397 autetiam
343 2334 375 2395 in
397 2354 521 2414 poenam
536 2332 648 2395 deliuo
660 2333 900 2414 respondentem,
922 2334 999 2397 nihil

157 2433 263 2481 vetat:
286 2440 357 2480 cum
379 2419 412 2479 in
434 2441 471 2480 eo
490 2416 564 2479 nihil
580 2417 627 2495 stt,
649 2418 730 2500 quod
745 2418 871 2482 bonitati
887 2442 1001 2504 repug-

157 2517 236 2567 net:
274 2504 337 2566 imo
362 2503 437 2585 saepe
462 2504 529 2565 inec
556 2502 595 2564 ab
622 2504 683 2584 ipsa
708 2502 842 2566 bonitate
866 2503 999 2586 proficis-

172 2604 564 2670 '7Potrstsuaur',&c.]Praevidit
595 2605 671 2651 noluit
693 2605 840 2651 incommode
858 2621 886 2652 ex
910 2614 999 2654 naturae

159 2671 251 2732 quidem
262 2672 332 2718 etiam
343 2672 404 2717 Deus
417 2670 503 2718 forent
520 2686 562 2718 na.
595 2668 750 2716 mutabilitate
762 2669 918 2733 promanantia
933 2679 1000 2717 ante·

160 2747 222 2783 turre
237 2734 314 2782 liberte
330 2734 434 2781 libertate
452 2734 491 2781 sua
508 2735 563 2782 abu·
595 2744 692 2791 vertere,
720 2732 772 2793 quiri
790 2749 816 2780 ea
835 2734 916 2795 potest,
945 2749 999 2782 eum

160 2809 274 2857 terentur,
296 2800 392 2860 indeque
410 2799 485 2846 multa
502 2800 564 2847 tuda
595 2798 669 2845 visum
687 2797 741 2855 erit,
757 2814 796 2859 pet
814 2807 887 2847 totam
905 2799 999 2847 aetemi·

160 2862 318 2925 &physicale
331 2862 426 2909 moralia
434 2864 563 2928 exoritura3
596 2872 669 2909 tatem
692 2866 832 2925 emendare3
861 2864 887 2911 iis
915 2864 1002 2924 modim

160 2926 237 2974 'nihilo
267 2926 337 2974 secius
367 2926 461 2973 abusum
486 2926 563 2987 illuni,
596 2927 635 2987 qui
654 2926 740 2973 nonnisi
759 2926 856 2975 bonitati
876 2928 925 2991 ejus
943 2929 1001 2974 con}

155 2991 345 3057 eonseftan'aque
365 2993 414 3054 ejus
436 2992 482 3053 pati
510 3007 562 3038 ma·
596 2990 755 3039 venientiffirui
802 2992 845 3039 effe
894 2991 1000 3052 potsunt,

160 3055 217 3113 luit,
249 3072 318 3118 quarn
344 3068 436 3103 naturas
459 3055 565 3103 libertate
596 3056 701 3117 quamvis
725 3070 762 3101 eor
787 3057 889 3103 nondum
911 3053 999 3102 revela-

159 3119 268 3181 eroeditae
279 3135 325 3167 non
337 3135 421 3168 creare.
442 3122 502 3184 Qid
513 3120 564 3168 ita?
596 3121 635 3167 rit.
667 3122 719 3182 Qu
732 3120 760 3167 de
779 3135 814 3178 re,
835 3119 912 3167 multe
928 3132 1001 3178 nuper

158 3184 563 3248 Qieeumuaturaliberafitprae·
597 3183 690 3231 Gallico
722 3182 823 3231 sermone
855 3181 1001 3243 scripsimus,

145 3247 295 3297 ’stantifiima
324 3258 437 3306 ereatura,
471 3263 565 3310 queque
597 3260 678 3296 contra
709 3246 893 3295 Manichaeorum
925 3242 1001 3306 perso·

158 3312 274 3361 summam
305 3312 402 3376 opificis
439 3314 566 3373 potentiam
597 3324 679 3361 natum
695 3322 818 3373 patronum
836 3309 886 3358 Per.
899 3307 1001 3358 rerum.

157 3378 351 3439 quammaxime
368 3377 479 3441 ostendit3
503 3379 566 3427 Deru
598 3378 710 3429 Cierium

156 3459 218 3474 ⁴·
252 3463 255 3475 ¹
472 3462 486 3510 1
707 3502 710 3506 ,
881 3448 1003 3516 cantui,
