2325 4050
196 351 260 417 304
309 319 344 409 J:
365 321 527 391 erenei
551 338 707 386 courna
731 301 950 383 lunum

194 447 337 530 probant,
367 439 506 506 homines
528 438 660 504 Divinae
675 441 842 524 sapientiae
870 440 905 507 δι,
928 439 1048 507 Bonittti

195 530 401 617 dijudicandos
423 527 614 611 pennittete3
637 527 712 588 dum
726 528 766 589 iis
780 528 993 609 opinionibus
1007 530 1047 590 ad·

194 617 309 691 sentiri,
330 629 383 676 aut
396 612 492 675 cultui
508 610 604 675 adess‘e
618 610 670 675 sibi
684 634 752 675 non
771 612 877 675 licere
900 636 959 695 pro
978 630 1048 679 certo

195 702 320 764 habent.
1082 729 1083 766 t

239 785 322 848 Hinc
335 799 416 847 certe
431 805 524 847 nemo
542 781 670 867 colligat
688 785 828 860 bomini,
856 783 893 846 in
909 786 1049 847 contraria

194 872 341 935 sententia
354 870 496 945 educato,
511 884 555 930 ‘ac
569 868 705 952 legendis
729 870 825 932 sacris
848 869 953 945 libris,
977 890 1050 933 more

195 975 303 1019 eorum
321 957 374 1038 qui
388 952 575 1031 secesserunt,
597 956 784 1031 exercitato,
810 954 972 1019 sicontra
985 977 1051 1018 cou-

195 1042 351 1104 scientiam
374 1041 456 1103 suam
476 1061 512 1102 ea
533 1039 636 1117 faciat,
667 1054 720 1101 aut
740 1040 843 1118 dicat,
878 1064 955 1125 quae
975 1056 1052 1124 putat

196 1124 254 1188 esse
268 1126 375 1189 illicita
386 1124 417 1187 δι
430 1126 514 1201 falsa,
536 1124 695 1187 dumtaxat
709 1126 750 1187 ob
765 1127 867 1214 hujus
883 1128 960 1189 vitae
975 1147 1051 1190 com·

196 1210 300 1287 moda,
322 1211 413 1273 licere
434 1212 555 1273 veniam
579 1208 682 1273 aDeo
701 1212 842 1293 sperare3
869 1210 1054 1277 simoriatur

196 1295 229 1359 in
240 1297 346 1360 habitu
360 1295 490 1359 faciendi
504 1296 534 1358 δι
546 1296 676 1374 dicendi,
698 1297 782 1379 quod
798 1298 867 1380 ipse
881 1298 1053 1380 improbat,

196 1381 330 1445 facturus
359 1382 450 1444 etiarn
479 1402 515 1443 ac
544 1381 690 1457 dicturus,
726 1380 749 1443 st
775 1383 899 1445 diutius
927 1384 1049 1450 viveret.

196 1465 296 1529 Nulla
307 1466 362 1544 esi,
383 1488 441 1530 nec
452 1468 521 1542 erit,
541 1481 577 1528 ut
588 1466 701 1547 sperare
712 1466 797 1546 licet,
821 1468 962 1546 familia,
985 1492 1050 1552 quae

196 1551 235 1614 de
250 1551 361 1616 Christi
375 1553 498 1615 nomine
518 1552 684 1629 censeatur,
707 1552 725 1614 ὲ
746 1576 808 1638 qua
830 1554 883 1618 vir
904 1553 1053 1641 ejusmodi

196 1637 321 1701 salutem
336 1638 477 1720 consequi
492 1636 572 1718 posse
586 1638 749 1702 censeatur.
761 1649 764 1653 '

240 1722 374 1786 Videant
387 1745 461 1807 ergo
475 1720 661 1784 simulatores
675 1723 748 1806 quid
771 1739 884 1808 agant,
907 1746 986 1788 cum
1007 1726 1046 1789 ita

195 1808 225 1871 se
249 1824 370 1893 gerunt,
401 1824 435 1870 ut
454 1807 607 1883 Rationis,
637 1807 906 1893 Revelationisque
929 1810 1049 1875 lumina

196 1907 259 1956 tam
273 1895 397 1975 turpiter
407 1894 562 1974 spernant3
588 1909 623 1955 ut
633 1893 668 1955 iis
682 1916 852 1979 repugnare
868 1895 1048 1976 sustineant,

197 1992 291 2062 utque
314 1977 555 2042 Christianorum
577 1979 727 2057 omnium,
757 1982 952 2067 quicumque
974 1980 1043 2062 sint,

191 2066 341 2150 judicium
356 2065 430 2127 nihil
445 2065 569 2128 saciant.
611 2065 682 2126 Nec
705 2067 876 2148 putandum
899 2067 945 2130 est
965 2071 1041 2154 ejus-

198 2150 279 2212 modi
299 2151 437 2212 homines
458 2148 514 2212 effe
533 2150 678 2228 eruditos,
700 2172 824 2234 remque
840 2154 938 2233 probe
953 2155 997 2216 eis
1012 2156 1047 2218 δι,

196 2250 312 2297 mature
326 2236 486 2317 expensam
501 2234 595 2296 fuisse.
641 2235 718 2298 Sunt
730 2238 878 2319 spretores
891 2240 1039 2303 eruditio-

195 2320 241 2382 nis
264 2321 363 2382 omnis
377 2320 594 2404 Theologicae,
617 2343 763 2384 neceam
786 2345 936 2405 umquam
962 2327 1039 2389 adti-

195 2420 317 2489 gerunt,
339 2403 400 2467 fine
415 2426 475 2487 qua
495 2403 615 2468 nullum
638 2407 753 2468 redium
771 2408 920 2493 judicium
945 2411 984 2473 de
1007 2435 1039 2474 re

195 2490 374 2552 e'uscemodi
387 2490 454 2551 ferri
468 2489 573 2571 potest.
598 2491 673 2553 Non
690 2494 789 2554 minus
804 2494 941 2558 nobilem
953 2495 1038 2560 illam

195 2514 429 2656 shilosophiam,
452 2578 639 2658 quamtanti
659 2578 795 2640 fecerunt
811 2578 945 2644 Romani
961 2582 1036 2646 olim

194 2657 348 2735 Proceres,
364 2659 501 2722 haustam
512 2663 623 2744 quippe
638 2661 654 2724 ὲ
668 2662 783 2726 lumine
794 2665 937 2743 Naturae,
956 2669 1034 2750 sper—

193 2760 272 2807 nunt
279 2771 289 2818 ;
312 2746 382 2828 quia
397 2745 562 2808 adfeeiibus
585 2747 753 2832 indulgere,
776 2751 857 2832 quod
873 2774 913 2814 ne
926 2752 1035 2818 Philo·

191 2828 303 2910 sophioe
323 2831 445 2912 quidem
461 2829 601 2894 Ethnicae
621 2833 774 2915 probatur,
798 2837 934 2918 cupiunt.
983 2837 1034 2903 De

193 2915 412 2995 praeteritorum
429 2915 609 2980 saeculorum
624 2920 745 3003 judiciis
760 2923 865 2998 securi,
887 2923 1034 2987 hodierna

192 3007 295 3061 omnia
310 3001 491 3081 spernentes,
514 3001 611 3086 deque
631 3007 734 3067 futuro
754 3029 819 3069 aevo
838 3030 902 3071 non
925 3010 1032 3072 admo·

192 3083 265 3146 dum
281 3085 375 3160 anxii,
396 3083 549 3147 similiores
572 3090 639 3152 sunt
662 3091 838 3172 pecudibus,
861 3116 955 3176 quam
974 3096 1032 3158 ho·

191 3170 323 3232 minibus
334 3169 465 3234 Ratione
476 3173 619 3252 praeditis,
642 3179 703 3258 qua
714 3198 777 3239 non
789 3193 927 3243 utuntur.
966 3179 1037 3262 Qu

190 3253 233 3314 ita
248 3253 369 3338 fingunt
388 3277 423 3318 ac
438 3256 638 3336 mentiuntur,
662 3277 697 3324 ut
717 3263 845 3339 faciunt,
869 3264 956 3328 nullo
971 3289 1030 3330 nu·

190 3360 287 3418 mero,
308 3340 439 3423 locoque
452 3342 555 3409 haberi
571 3345 709 3429 poliunt3
732 3358 823 3433 atque
834 3352 949 3437 indigni
963 3352 1033 3448 sunt

920 3437 1029 3519 quibus

133 3518 231 3616 H
