2325 4050
207 314 267 378 142
340 275 911 358 H.Gnor1usnaVrn1r.

202 414 279 487 bus;
302 411 515 494 cognationem
532 406 588 469 else
605 408 683 468 inter
696 408 849 483 homines,
874 428 911 468 ac
926 407 1046 489 proinde

203 519 327 580 aequum
353 509 386 555 ut
409 495 459 564 alii
482 493 557 554 alios
581 491 727 575 diligant:
751 492 857 554 omnia
873 493 943 553 haec
959 493 991 555 in
1006 495 1046 557 his

203 583 285 644 libris
300 580 474 662 apertislirne
489 578 598 640 tradita
612 577 752 658 reperias.
797 575 893 638 Ultra
909 578 979 638 haec
998 599 1047 659 pro

203 681 360 747 comperto
383 663 496 746 aliquid
520 663 679 736 affirmare,
703 675 756 721 aut
781 662 818 723 de
842 661 906 724 Dei
930 677 1044 741 natura,

204 768 256 814 aut
263 753 300 812 de
313 751 375 834 ejus
390 748 559 822 voluntate,
582 744 670 807 ²solo
685 746 779 807 duetu
794 747 943 809 humanae
958 749 1045 811 ratio-

203 839 262 911 nis,
283 855 377 917 quam
393 832 427 895 srt
443 834 576 894 intutum
592 852 628 891 ac
643 830 749 906 fallax,
770 831 888 893 docent
902 848 951 895 tot
962 831 1044 896 dillo·
1088 883 1089 890 ,

205 921 307 984 nantia
321 940 384 980 non
397 917 566 979 scholarum
580 916 673 977 modo
684 917 764 978 inter
774 916 815 991 se,
836 917 887 977 sed
902 918 934 980 ἃ
946 916 1043 1003 singu·
1085 947 1087 952 ·

204 1006 304 1067 lorum
326 1001 576 1084 Philosophorum
606 999 727 1082 placita.
773 1000 889 1083 Neque
915 1024 991 1065 vero
1017 1002 1043 1066 id
1087 1045 1089 1074 a

204 1092 325 1152 mirum.
371 1087 457 1148 Nam
472 1086 493 1149 sr
509 1096 521 1143 3
535 1085 570 1146 de
587 1087 697 1146 mentis
711 1086 771 1147 suae
786 1101 896 1147 natura
907 1086 1042 1151 disseren-

204 1191 249 1237 tes
272 1177 303 1236 in
324 1174 492 1255 longissime
511 1170 651 1231 distantes
676 1170 835 1250 opiniones
851 1171 1043 1251 dilabuntur;

204 1275 321 1342 quanto
341 1259 437 1341 magis
454 1254 567 1317 necesse
582 1256 640 1316 fuit
659 1255 689 1317 id
707 1255 842 1317 accidere
857 1256 896 1317 de
911 1257 1043 1338 suprema

204 1346 268 1421 illa,
299 1358 444 1423 tantoque
468 1340 553 1420 supra
578 1362 634 1400 nos
658 1339 752 1421 poslta
775 1356 890 1415 mente,
925 1341 1044 1407 desinire

205 1429 318 1513 aliquid
329 1424 537 1510 cupientibus?
561 1424 615 1485 4Si
630 1424 753 1507 Regum
770 1424 893 1487 consilia
904 1424 1045 1512 indagare

204 1536 305 1576 rerum
320 1513 480 1594 prudentes
495 1508 694 1590 periculosum
709 1510 806 1584 aiunt,
829 1532 888 1572 nec
903 1510 974 1573 ideo
993 1536 1045 1578 nos
1088 1583 1089 1592 χ

205 1598 335 1681 assequi3
358 1598 425 1680 quis
446 1593 498 1670 est,
521 1595 573 1676 qui
589 1595 629 1655 ita
644 1592 679 1655 srt
693 1594 795 1677 sagax,
818 1611 854 1658 ut
870 1596 945 1677 quid
960 1596 1045 1663 Deua
1087 1597 1089 1620 ¹

205 1684 279 1744 velit
302 1705 340 1744 ex
364 1702 467 1744 earum
493 1701 593 1740 rerum
616 1701 739 1763 genere,
762 1702 837 1761 quas
860 1679 955 1743 libere
969 1684 1046 1747 velle
1088 1715 1089 1736 r

205 1766 313 1849 potest,
336 1767 365 1827 id
380 1767 481 1845 suapte
495 1763 671 1848 conjee'tura
685 1755 780 1845 speret
793 1765 821 1825 se
837 1762 918 1845 pofl‘e
941 1766 1047 1848 depre-
1088 1755 1089 1788 ³

205 1849 356 1914 hendere?
381 1848 486 1931 Qare
501 1850 615 1928 optime
630 1848 718 1910 Plato
741 1850 876 1911 ⁵horum
891 1850 968 1913 nihil
982 1852 1048 1917 sciri

205 1935 284 2019 polle
306 1935 436 2009 dicebat,
470 1931 531 1994 sine
554 1933 689 1995 oraculo.
734 1933 806 2014 Jam
828 1956 902 1996 vero
925 1936 1048 2001 nullum

206 2022 329 2104 proferri
352 2016 448 2101 potest
469 2016 641 2095 oraculum,
671 2020 754 2103 quod
778 2018 839 2083 tale
863 2043 969 2084 revera
991 2024 1074 2087 esle·

205 2108 368 2194 majoribus
383 2104 556 2167 testimoniis
571 2103 699 2182 constet,
720 2127 813 2187 quam
825 2127 861 2166 ea
872 2108 954 2183 sunt,
976 2116 1048 2191 q'uae
1076 2118 1078 2123 '

205 2188 237 2254 in
266 2192 347 2254 libris
376 2188 461 2251 Novi
487 2187 623 2250 Foederis
651 2193 855 2252 continentur.
901 2191 1048 2257 Tantum

205 2277 298 2351 abest,
321 2292 356 2338 ut
378 2275 532 2357 probetur,
555 2295 594 2334 ne
616 2274 757 2336 adseritur
781 2274 916 2357 quidem,
940 2275 1048 2341 Deum

205 2362 371 2444 quidquam
398 2360 434 2420 de
460 2372 568 2419 natura
595 2358 647 2418 sua
676 2356 849 2420 hominibus
876 2360 1048 2440 prodidisse,

213 2446 287 2509 'uod
307 2443 360 2507 his'
371 2444 454 2506 libris
469 2457 636 2526 repugnet3
659 2465 758 2524 neque
772 2442 809 2504 de
823 2443 985 2507 voluntate
1000 2447 1047 2528 ip·

204 2469 262 2594 srus
278 2528 341 2592 ulla
355 2527 450 2611 potest
469 2527 606 2609 proferri,
628 2550 697 2610 quae
712 2527 861 2591 credibilis
876 2527 923 2605 fit,
947 2529 1049 2611 poste·

204 2619 265 2679 rior
279 2613 464 2700 significatio.
488 2611 574 2674 Nam
589 2611 696 2694 siquid
712 2615 742 2675 in
758 2636 795 2675 eo
805 2629 915 2698 genere
930 2637 1048 2693 rerum,

205 2711 274 2787 quae
290 2716 343 2764 aut
357 2699 446 2783 plane
457 2697 524 2762 sunt
535 2697 655 2775 mediae,
678 2713 731 2761 aut
744 2713 825 2760 certe
840 2720 902 2760 non
917 2701 1049 2766 omnino

216 2878 218 2883 ,
237 2843 253 2876 2
269 2829 317 2878 Solo
328 2829 393 2881 duaa
404 2812 502 2876 humone
518 2827 608 2875 rationis
670 2846 689 2892 4
703 2830 730 2878 Si
742 2831 822 2894 Regum
841 2829 923 2891 corfilia
942 2831 1050 2896 indagare

205 2910 270 3004 iim
291 2895 323 2957 stt
343 2895 437 2940 intutum
458 2910 484 2940 ac
504 2889 608 2956 fallax]
641 2893 1049 2959 rerumprrdentesperr'culoumaiurrt,

236 2956 296 3006 atth.
308 2972 348 3005 xr.
362 2972 403 3017 27.
421 2958 492 3004 Rom.
505 2971 546 3005 ιι.
568 2971 609 3020 33,
637 2975 676 3006 nec
690 2959 736 3006 ideo
755 2975 790 3006 nos
806 2975 821 3005 a
839 2955 911 3023 equi.]
929 2959 1010 3007 Habet
1024 2958 1048 3008 ia

206 3035 247 3087 34,
261 3037 301 3086 35.
320 3021 397 3068 1Cor.
412 3034 450 3070 11.
467 3021 559 3078 11,16.
641 3024 738 3070 Tacitus
749 2958 876 3069 Annahun
887 3036 938 3072 vr.-

240 3101 252 3150 3
269 3089 305 3135 De
315 3085 387 3135 matis
395 3083 445 3157 suae
455 3096 535 3133 natura
545 3082 610 3147 diffl·
677 3090 786 3150 silerum
799 3085 919 3150 nibilsciri
932 3087 990 3151 poffi
1009 3087 1047 3134 di·

205 3151 304 3212 rentetr'a
318 3148 430 3213 Iougiffimt
445 3147 543 3212 dillarter
562 3149 610 3211 opi·
641 3149 700 3197 eebor
712 3152 760 3214 fiae
780 3147 886 3214 oranda]
914 3153 990 3200 Locus
1014 3153 1047 3199 est

203 3210 428 3322 niontr,dilabunrur.p
444 3213 506 3259 Vide
517 3213 540 3259 in
551 3227 607 3274 ope·
640 3212 764 3264 Phaedone.
773 3214 834 3276 paria
845 3214 869 3261 in
878 3214 980 3268 Timaeo.
998 3218 1045 3263 Be·

204 3279 267 3325 rlbus
283 3275 401 3333 Plutarchi

204 3342 298 3388 Placitir
317 3339 522 3403 Philosophorum:
550 3341 607 3390 Sto·
639 3343 695 3405 Deo,
710 3361 774 3410 quan
784 3341 946 3405 Drrcredanr?

204 3406 281 3469 heum
293 3406 318 3456 in
329 3404 439 3471 Phyfic'u,
455 3406 529 3469 capite
539 3418 579 3455 xa.
668 3425 671 3429 ·

128 3522 305 3664 Α
992 3489 1048 3553 μ,

429 3278 505 3324 ibrum
526 3290 562 3324 aa.
581 3279 609 3323 tle
639 3293 668 3325 ne
690 3278 840 3326 Ambrosius:
868 3278 910 3325 cut
929 3282 998 3347 magis
1019 3281 1047 3329 de
