2325 4050
287 312 876 393 PRAEFATIO.

161 481 214 531 res
230 460 300 556 ipsa
318 460 498 537 videretur.
554 464 628 535 Eas
652 464 867 537 iGratiauis
890 490 1003 541 namen

160 592 260 640 meum
271 566 453 665 distinguet.
510 572 656 668 Denique
670 571 810 647 libellum
824 574 1004 649 Gratiam&

159 678 276 772 adjeci,
307 677 345 749 de
362 678 504 775 eligenda
522 683 611 752 iuter
627 679 840 777 dtffmtientes
861 682 1002 777 cunsti-

161 812 240 859 anos
251 788 426 881 sententia,
457 788 677 885 Ecclestaque;
704 793 742 861 im
758 814 817 887 qua
833 792 936 887 spero
953 814 1004 865 me

161 897 257 986 nihil,
283 911 407 988 prater
432 914 562 971 mentem
588 902 698 991 magni
721 903 806 985 viri,
834 916 899 973 aut
916 918 1010 975 certe

156 1022 283 1098 preter
300 1009 474 1078 veritatem
490 1005 665 1102 protulisti.
693 1009 907 1103 Argumentis
927 1012 1005 1107 usus

154 1116 228 1209 sum
239 1140 308 1209 quae
315 1118 421 1186 cuivis
427 1114 537 1209 paullo
545 1114 755 1209 prudentiori
765 1116 1015 1209 probarentur,-

153 1223 326 1317 facilibus,
345 1247 399 1294 nec
417 1225 506 1321 longe
519 1222 700 1314 amerstein
719 1241 817 1321 atque
829 1228 884 1297 ita
893 1228 1007 1321 statui

157 1356 272 1427 gerere
292 1334 381 1429 sein
399 1333 458 1406 hac
481 1336 605 1430 negotia
620 1332 819 1425 Christianos
841 1350 1008 1429 oportere,

163 1440 419 1539 quemadmodum
448 1447 484 1515 ia
515 1439 715 1536 graviffimis
747 1446 832 1515 vita
863 1448 1009 1541 negotiis

160 1550 394 1644 prudentifflmi
407 1553 521 1644 quique
529 1551 597 1645 sese
611 1571 726 1643 gerere
734 1550 848 1647 salem.
892 1554 1009 1647 Abut-

164 1664 222 1745 uui
248 1661 290 1730 ab
318 1661 401 1729 omui
429 1661 555 1731 acriore
581 1660 810 1751 contraverfia,
849 1659 1010 1760 diuisque

164 1768 329 1865 quibusvis
347 1766 566 1842 acerbioribus
576 1800 589 1853 ;
618 1794 690 1866 que
705 1765 803 1865 abeffe
821 1766 936 1843 deberet
960 1772 1009 1847 ab

164 1876 305 1948 omuibus
324 1878 438 1969 nastris
456 1876 494 1948 de
512 1877 679 1973 Religioue
691 1876 846 1973 judiciis,
861 1878 899 1969 ſs
915 1878 1009 1951 moda

161 2007 222 2079 per
253 1984 458 2081 adversarias
487 1987 593 2058 liceat.
644 1986 731 2080 Styla
753 1984 908 2088 stmpiiri,
949 2010 1010 2064 net·

164 2098 354 2186 tetlamijtris
374 2095 450 2168 ullis
465 2096 580 2187 inusta,
605 2098 707 2168 animi
718 2098 781 2169 mei
791 2097 886 2192 flesti
899 2113 1020 2190 expa-

158 2208 227 2301 sai,
251 2219 353 2296 prout
371 2208 406 2275 in
427 2227 462 2275 re
480 2218 547 2275 tam
558 2206 651 2301 seria
667 2202 749 2292 fieri
767 2219 1009 2298 opertere-ceu·

161 2316 291 2409 sebam3
320 2313 377 2384 ubi
390 2312 514 2404 pandus
538 2328 812 2408 argumentorum,
833 2337 903 2410 ‚mon
922 2315 1009 2389 lero·

166 2422 463 2504 cimmeriorum,
510 2438 712 2518 queruntur.
770 2423 849 2518 Qua
888 2426 926 2498 ita
956 2447 1008 2516 re,
1043 2417 1045 2422 ’

169 2532 332 2604 Grotium
369 2553 468 2604 meum
498 2533 573 2627 sum
608 2534 770 2615 imitatus,
814 2531 857 2608 ὅ
893 2525 1021 2607 imita-I

166 2644 303 2725 buntur,
329 2655 367 2713 ut
386 2656 482 2734 puta,
513 2642 697 2737 quicumque
720 2642 805 2728 seria
833 2639 875 2715 &
900 2647 1010 2714 auimo

170 2753 352 2844 argumenti
359 2753 534 2844 gravitate
543 2748 687 2841 perculsa
698 2748 735 2821 de
749 2748 899 2844 ejusmodi
907 2751 1011 2824 rebus

163 2862 310 2958 scribere
325 2858 566 2953 adgrediemur.

221 2971 312 3041 Dum
338 2983 443 3039 autem
469 2967 536 3037 hac
559 2964 747 3053 meditarer,
786 2966 869 3059 mista
894 2967 942 3040 ad
961 2993 1013 3041 me

171 3080 302 3151 litteras
316 3099 382 3164 eas,
409 3098 489 3169 quas
507 3073 552 3144 ad
567 3074 680 3144 caleam
699 3074 846 3160 videbiss
866 3077 1010 3174 Amplis-

162 3186 264 3274 stmus
280 3186 386 3280 juxta
406 3207 445 3251 ac
462 3181 664 3269 Datiiffimus
682 3187 741 3255 vir
760 3184 802 3259 &²
821 3188 912 3280 cujm
934 3185 1012 3274 fin·

168 3296 284 3390 gulart'
308 3291 507 3363 humanitati
531 3289 666 3360 metitum
693 3293 797 3378 debeo,
826 3295 1011 3392 iSerenis·

924 3403 1012 3493 stma
