2325 4050
186 304 248 373 208
323 296 612 362 nummus
639 288 889 356 nevunrr.

186 420 269 504 giosa
280 416 425 481 memoria
436 411 540 498 mundi
552 411 676 475 conditi.
720 411 917 493 Praeceptum
932 412 1030 475 obser·

186 505 276 567 vandi
302 502 404 564 situm.
417 497 459 560 est
484 500 514 558 in
541 497 648 558 exam
673 496 849 559 abstinentia
876 497 918 578 ab
948 498 1030 560 omni

188 592 247 652 alio
285 609 384 669 opere.
428 584 513 645 Prius
543 582 618 643 illud
648 598 831 664 praeceptum
866 584 908 643 ab
947 577 1032 645 initio

188 678 293 738 datum
310 674 378 746 fuit,
402 685 493 752 atque
508 669 535 730 ei
558 667 638 729 haud
661 667 749 729 dubie
771 668 786 705 ⁶
794 685 965 749 paruerunt
980 669 1030 729 viri

188 763 229 843 pii
256 776 326 820 ante
349 757 462 840 legem,
488 751 718 829 EnochsNoe,
742 755 915 831 Abraham,
939 752 1029 828 Isaac,

189 847 285 929 Jacob
298 870 306 917 3
331 864 462 924 quorum
475 839 597 921 quidem
609 837 827 919 postremorum
839 861 915 900 cum
927 839 1030 900 multae

189 929 444 1013 peregrinationes
459 924 611 1008 legantur,
634 924 779 986 ⁷nullum
799 925 930 1006 usquam
954 925 1028 985 indi·

189 1019 271 1077 cium
295 1012 336 1074 est
362 1012 474 1073 itineris
500 1011 539 1072 ob
565 1008 729 1071 Sabbatum
753 1011 921 1087 intermissi,
951 1009 1028 1092 quod

189 1100 255 1183 post
270 1099 386 1160 exitum
401 1119 439 1158 ex
452 1095 591 1180 AEgypto
602 1110 746 1177 perpetuo
760 1096 901 1176 reperias.
927 1095 1028 1169 ‘Nam

190 1184 348 1268 postquam
360 1181 486 1243 edueius
498 1203 536 1243 ex
544 1179 683 1265 AEgypto
698 1181 841 1263 populus,
863 1180 896 1242 δι
909 1181 1040 1243 ἱεὶὶεἰῐεῐ7

190 1267 381 1339 transuress'us
396 1267 520 1331 rubrum
536 1287 631 1341 mare,
654 1267 785 1347 primum
800 1266 879 1327 diem
897 1268 1033 1328 securum

191 1359 254 1442 egit
271 1341 455 1428 Sabbatum,
490 1374 587 1434 eoque
612 1353 722 1414 cecinit
745 1351 816 1415 Deo
843 1352 1028 1432 epinicium;

192 1467 230 1504 ex
254 1465 290 1504 eo
316 1458 450 1521 tempore
474 1439 620 1518 imperata
643 1437 685 1511 est
708 1439 813 1499 exodia
836 1437 889 1499 illa
912 1436 1033 1499 sabbati

192 1530 289 1611 quies,
327 1529 412 1610 cujus
443 1525 539 1604 prima
568 1524 683 1585 mentio
712 1521 754 1584 est
787 1524 818 1584 in
851 1523 1042 1585 colledtione'

193 1636 325 1686 mannae,
349 1609 448 1672 Exod.
465 1628 565 1669 xxxv.
588 1627 618 1672 2.
663 1606 891 1672 Levitxxnr.
918 1630 949 1692 3.
995 1604 1036 1669 Ei

193 1701 252 1762 hoc
268 1698 348 1759 sensu
364 1695 450 1756 causa
465 1695 539 1776 legis
554 1693 591 1755 de
607 1693 736 1756 Sabbato
750 1694 882 1756 redditur
897 1694 1034 1756 liberatio

193 1806 232 1844 ex
255 1782 406 1866 AEgypto,
429 1778 525 1840 Deut.
553 1799 586 1839 v.
613 1799 664 1842 21.
709 1777 751 1843 Et
774 1777 862 1841 simul
884 1781 944 1842 hac
968 1779 1034 1863 lege

194 1865 365 1930 consultum
377 1863 418 1924 est
429 1865 515 1924 seniis
528 1863 665 1926 adversus
676 1865 869 1927 dominorum
881 1865 1037 1940 duritiem,

196 1953 312 2016 nullam
327 1948 393 2034 ipsis
413 1949 430 2010 ὲ
452 1949 604 2010 laboribus
627 1950 848 2032 respirationem
870 1950 1035 2035 indulgen-

195 2041 285 2115 tium,
307 2054 342 2100 ut
356 2037 441 2099 dietis
457 2035 531 2097 locis
547 2034 646 2097 videre
660 2036 711 2100 est.
747 2036 866 2100 Verum
880 2036 935 2115 est,
957 2038 1036 2100 “hac

195 2126 264 2212 lege
276 2122 431 2188 obstridios
446 2120 528 2183 fuisse
544 2122 634 2183 etiam
650 2121 782 2198 incolas3
805 2123 888 2205 quia,
912 2122 1039 2199 scilicet,

196 2234 258 2273 una
272 2210 397 2273 debebat
412 2207 468 2270 effe
493 2208 586 2270 totius
610 2208 713 2289 populi
739 2206 917 2291 quiescentis
933 2210 1038 2270 facies.

197 2296 353 2359 Caeterum
379 2294 444 2355 aliis
468 2293 586 2375 populis
612 2316 675 2355 non
697 2293 798 2358 datam
819 2294 1039 2357 hancaeexadtae

196 2383 305 2467 quietis
319 2380 433 2463 legem,
455 2377 501 2439 vel
522 2378 591 2438 inde
614 2395 748 2460 apparet,
770 2377 982 2462 quodmuttis
1007 2382 1041 2442 in

102 2490 115 2502 ·
197 2468 271 2529 locis
286 2481 411 2529 vocatur
431 2462 561 2546 signrun,
585 2478 675 2546 atque
690 2466 780 2526 etiam
796 2465 895 2527 foedus
911 2466 1041 2547 speciale

197 2556 277 2615 inter
287 2552 391 2616 Deum
407 2547 607 2625 &Israelitam
630 2564 665 2611 ut
679 2550 778 2612 Exodi
792 2563 893 2612 xxx1.
914 2571 970 2633 13,
989 2553 1041 2617 16.

198 2637 269 2719 Jam
285 2659 368 2709 vero,
392 2658 459 2718 quae
482 2634 513 2695 in
532 2635 711 2698 memoriam
731 2637 829 2698 exitus
845 2638 882 2698 ab
897 2635 1042 2722 AEgypto

197 2722 332 2787 instituta
343 2723 422 2797 sunt,
444 2743 507 2783 non
522 2718 578 2783 effe
590 2719 674 2798 talia,
698 2737 732 2784 ut
747 2744 915 2807 numquam
931 2723 1046 2790 ceffare

231 2845 245 2890 6
262 2846 281 2891 Γ
282 2857 384 2893 aruerunt
394 2846 444 2891 viri
456 2844 491 2907 pii
506 2857 554 2891 anre
570 2846 602 2892 Ie·
634 2846 755 2894 obiervaffe
777 2856 845 2906 negat
861 2847 964 2911 Justinus
985 2865 1042 2897 cum

195 2906 266 2973 genn]
284 2914 308 2957 A
319 2910 400 2971 quibus
412 2911 481 2955 etiarn
494 2912 521 2954 ad
531 2911 601 2956 Grae·
634 2912 759 2975 Tryphone
771 2911 894 2973 disputans,
910 2918 933 2960 δε
943 2916 1044 2962 Tertul-

199 2989 237 3020 ωε
249 2976 349 3039 septime
362 2973 404 3019 diei
424 2974 539 3019 veneratio
558 2973 601 3020 ali·
634 2978 707 3025 lianus
725 2976 828 3024 adversus
840 2978 937 3042 Judaeos
952 2980 1043 3027 duobus

200 3055 244 3099 qua
260 3040 372 3102 pervenit,
390 3049 416 3084 ut
428 3048 534 3084 notatum
547 3038 601 3083 Cle·
634 3042 700 3089 locis,

100 3131 104 3166 2
200 3108 282 3155 ruenti.
316 3106 375 3162 Vide
393 3120 444 3163 quae
465 3102 511 3149 huc
530 3103 603 3164 perti·
669 3109 683 3155 8
710 3109 759 3156 Hac
813 3123 823 3153 e
845 3104 949 3169 obstriffos
971 3108 1049 3173 fuiffl

99 3167 100 3174 ’
199 3170 277 3215 nentia
289 3170 387 3216 diximus
399 3168 458 3216 libro
472 3183 494 3216 1.
635 3172 699 3219 etiam
711 3172 795 3219 incolas.
827 3172 883 3218 Non
897 3173 970 3219 etiam
986 3175 1045 3221 alios

232 3236 354 3289 7Nullum
367 3231 453 3297 usquam
464 3231 603 3297 indiciumest
635 3237 673 3297 qui
704 3247 767 3283 extra
794 3238 898 3301 Judaeam
928 3250 1049 3300 praecepta

200 3292 283 3345 itineris
301 3298 451 3346 &Sabbatum
472 3296 605 3363 incermzffi.]
636 3302 774 3361 posterorum
795 3302 856 3348 Noae
884 3303 939 3349 data
965 3304 1044 3354 obser.-

199 3353 253 3427 ῌοε
276 3359 338 3408 sensu
359 3364 451 3410 illorum
473 3375 607 3423 temporum
636 3366 727 3415 vabant.
762 3364 911 3415 lraseotiunt
922 3368 1026 3417 Hebraei.

199 3424 402 3487 piore-acediam,
421 3431 446 3479 id
457 3430 497 3489 est,
514 3426 608 3476 sabbata

138 3499 288 3664 FN„
902 3494 1049 3577 debeant,
