2325 4050
224 312 284 406 i48
357 302 914 392 H.G'nor1usananrr{
976 351 980 355 ²

205 440 388 526 -Europam,
411 444 525 519 Altam,
549 442 777 529 &AEgyptum,
799 445 908 529 quibus
925 447 958 521 in
980 447 1063 512 locis'

218 527 349 593 Graecus
374 531 468 593 sermo
490 529 627 612 vigebat:
652 531 714 590 imo
737 530 767 591 dt
789 531 951 616 archetypa
972 555 1055 597 non-

217 613 315 690 nulla,
347 629 381 676 ut
400 617 466 700 jam
491 628 560 674 ante
586 613 729 690 diximus,
761 615 797 676 ad
820 637 935 678 annum
960 620 1055 702 usque

216 698 453 761 ducentesimum
475 699 588 760 servata
612 699 688 761 sunt.
733 698 809 761 Non
832 701 931 780 potuit
950 718 1055 766 autem

143 803 146 809 ·
214 781 292 845 liber
312 783 419 866 aliquis
441 783 473 844 in
499 798 545 844 tot
568 783 709 864 exempla
731 782 865 860 diffusus,
888 785 1053 852 custoditus

213 871 278 929 non
293 869 406 949 privata
420 881 540 929 tantum
555 866 753 952 singulorum,
775 869 823 930 sed
845 870 875 932 dt
894 875 1058 936 communi

214 950 417 1014 Ecclesrarum
436 952 603 1036 diligentia,
635 952 805 1014 ¹falsariam
825 976 951 1018 manum
974 960 1052 1020 reei-

213 1058 293 1119 pere.
338 1038 425 1100 Adde
446 1039 523 1122 jam,
547 1037 629 1119 quod
653 1034 797 1118 pronimis
819 1037 917 1101 statim
937 1041 1053 1104 saeeulis

212 1120 286 1186 verli
302 1122 369 1185 sunt
383 1123 413 1184 hi
429 1121 496 1184 libri
510 1124 542 1183 in
557 1123 723 1184 sermonem
733 1121 900 1208 Syriacum,
923 1125 1065 1205 AEthio·¹

211 1206 327 1286 picum,
341 1208 517 1282 Arabicum,
530 1206 688 1281 Latinum,
704 1228 772 1288 quae
781 1207 929 1271 versiones
940 1213 1052 1276 etiam·

211 1312 287 1353 num
302 1291 430 1370 exstant,
453 1292 483 1354 dc
499 1292 516 1352 i
530 1289 649 1356 Graecis
668 1291 750 1352 libris
774 1293 805 1353 in
820 1292 906 1354 nulla
921 1294 1050 1382 alicujus

210 1379 359 1440 momenti
385 1400 416 1440 re
438 1377 615 1458 discrepant.
638 1374 732 1456 ·Jam
754 1397 826 1439 vero
848 1378 1051 1445 habemus&

210 1459 327 1546 Scripta
341 1485 459 1538 eorum,
482 1463 534 1545 qui
549 1460 586 1523 ab
602 1458 753 1542 Apostolis
771 1460 859 1542 ipsrs,
873 1479 927 1524 aut
941 1466 980 1526 ab
994 1489 1050 1529 eo-

208 1569 279 1609 rum
304 1547 452 1628 discipulis
476 1544 601 1606 instituti
626 1546 771 1620 fuerunt;
809 1548 860 1629 qui
886 1545 956 1610 loca
985 1573 1050 1614 non

209 1653 306 1712 pauca
329 1653 367 1693 ex
390 1633 436 1693 his
457 1631 538 1692 libris
561 1629 701 1691 adferunt
714 1652 763 1705 eo,
786 1654 878 1713 quem
892 1654 949 1695 nos
964 1635 1051 1698 nunc

208 1738 331 1798 quoque
354 1716 381 1778 le
405 1717 494 1792 mus,
526 1714 617 1776 sensu.
662 1713 775 1798 Neque
794 1737 865 1778 vero
888 1719 1050 1803 quisquam

208 1800 266 1862 fuit
279 1803 311 1863 in
325 1738 470 1876 Eccidsra,
492 1813 585 1861 tantae
601 1797 797 1875 audlontatis,
821 1823 873 1881 per
891 1801 945 1864 illa
968 1820 1049 1876 tem-

208 1906 294 1965 pora,
316 1886 366 1948 cui
380 1900 498 1947 mutare
521 1883 687 1966 quidquam
709 1883 823 1946 volenti
841 1887 979 1966 paritum·
996 1890 1050 1953 fu-

208 1968 290 2047 illet3
314 1970 395 2055 quod
407 1971 474 2032 satis
485 1967 645 2033 ostendunt
658 1965 776 2045 Irenaei,
793 1968 993 2052 Tertulliani,
1018 1977 1050 2040 δι

208 2054 354 2142 Cypriani
376 2056 477 2118 liberae
497 2051 683 2116 diffenlrones
699 2054 735 2115 ab
752 2055 798 2129 iis,
821 2058 919 2138 quiin
934 2056 1048 2124 Eccle-

208 2140 248 2204 fia
260 2144 391 2204 maxime
403 2141 585 2204 eminebant.
620 2136 689 2200 Post
701 2140 778 2214 haec,
794 2162 862 2222 quae
874 2143 950 2219 dixi,
966 2161 1047 2209 tem.

208 2248 292 2308 pora,
324 2228 414 2289 secuti
440 2227 507 2288 sunt
527 2224 578 2286 alii
601 2222 689 2285 multi
713 2245 832 2308 magnae
856 2227 1046 2308 eruditionis,

208 2314 371 2394 magnique
380 2311 497 2396 judicii,
520 2310 585 2392 qui,
607 2306 672 2389 post
685 2308 861 2391 diligentem
876 2312 1045 2395 inquisrtio'-

209 2418 291 2471 nem,
321 2398 377 2458 hos
399 2396 503 2470 libros,
537 2410 571 2455 ut
597 2394 628 2453 in
657 2395 816 2477 originaria
838 2395 888 2457 sua
914 2401 1045 2480 puritate

208 2478 382 2560 perstantes,
408 2493 594 2561 receperunt.
639 2475 709 2558 Jam
733 2478 763 2540 δι
785 2477 873 2563 illud,
901 2485 983 2565 quod
1008 2486 1043 2547 de

208 2564 325 2627 diversis
350 2563 589 2627 Christianorum
619 2560 702 2623 sestis
737 2563 829 2625 modo
856 2559 1043 2645 dicebamus,

208 2653 268 2712 huc
293 2672 415 2733 quoque
442 2651 535 2731 aptari
561 2644 668 2729 potest,
699 2645 764 2709 illas
787 2671 904 2726 omnes,
939 2652 1043 2716 saltem
1084 2686 1086 2694 Α

208 2760 276 2818 quae
299 2736 404 2797 Deum
427 2735 531 2795 mundi
557 2730 708 2813 opificem,
733 2731 936 2798 &Christum
951 2736 1041 2823 Legis

208 2844 296 2881 novae
321 2820 475 2880 audiorem
499 2819 676 2903 agnoscunt,
699 2818 742 2879 uti
765 2818 823 2877 his·
839 2818 920 2882 libris
945 2824 1043 2895 itaut
1085 2869 1086 2896 ,

208 2928 260 2967 eos
282 2927 338 2967 nos
359 2904 514 2965 habemus.
560 2901 655 2985 Qrod
669 2902 690 2964 sr
705 2904 757 2985 qui
772 2902 960 2969 instituissent
974 2931 1041 2990 par·
1085 2928 1086 2938 ¹

243 3071 252 3101 1
281 3051 399 3117 Falfarium
417 3049 523 3113 manum]
550 3055 608 3114 Qae
640 3067 752 3114 rumpere,
786 3056 845 3115 quod
874 3070 921 3103 non
943 3058 1043 3107 Marcion

207 3121 294 3178 omnia,
321 3118 440 3174 nimirum,
473 3116 609 3176 exemplaria
640 3119 708 3163 modo
723 3116 786 3173 feeit,
804 3118 840 3165 sed
855 3120 1042 3172 &librariinoin

208 3186 346 3244 pervaderet,
364 3187 386 3229 dc
402 3181 511 3228 versiones
530 3195 608 3226 omnes
640 3179 698 3226 nulli
716 3181 797 3229 tertius
818 3181 955 3232 sentientesr
985 3177 1059 3249 qudd'

208 3257 374 3308 corrumperet:
392 3262 446 3294 nam
464 3245 546 3305 alioqui
566 3260 607 3306 po·
640 3245 775 3294 ostendimus
793 3248 817 3293 in
835 3249 892 3296 Arte
907 3250 981 3300 nostra
994 3254 1042 3300 Cri.

208 3304 310 3373 luerunt,
344 3311 391 3370 hic,
419 3311 475 3371 illie,
504 3309 608 3356 homiues
639 3311 683 3357 tica
702 3311 764 3358 Part.
786 3327 809 3375 3.
825 3312 887 3363 Sett.
907 3329 929 3362 1.
947 3331 969 3363 e.
984 3332 1042 3366 xrv.
1084 3349 1086 3358 .

224 3377 281 3436 ravi,
299 3387 338 3423 aut
349 3373 490 3435 dogmatibus
502 3374 545 3420 suis
557 3389 608 3435 per.
640 3373 737 3424 clericus,
874 3413 879 3418 ,

127 3391 270 3664 γε
278 3442 359 3508 addidli
368 3434 547 3504 exemplarial'u'a
557 3453 609 3486 cor·
700 3445 705 3455 ·
1040 3445 1043 3452 ·
1085 3443 1086 3450 1

249 3555 252 3566 '
981 3520 1044 3573 tem
1083 3551 1086 3718 p
