2325 4050
210 338 218 352 ·
288 311 627 376 ‘Saurenrtn
666 308 850 376 Ltnrn.
888 306 993 398 1269

144 437 263 499 -sentire
285 439 443 501 videretur.
488 426 671 519 Numquam
696 437 739 499 ita
760 436 847 500 Deus
870 438 996 500 deseruit

157 522 304 584 deseretve
324 523 529 586 Christianum
551 543 675 595 nomen,
698 521 775 583 nulli
798 537 831 584 ut
854 522 1000 604 superfint

157 629 227 668 vere
242 607 414 692 Christiani,
437 623 489 668 aut
504 606 607 668 saltem
631 628 692 667 non
709 609 814 688 possint
829 610 859 669 in
882 608 994 669 restam

157 693 238 753 viam
253 693 374 768 reduci3
397 715 469 754 cum
484 691 606 774 quibuS,
630 690 649 752 sr
665 690 714 753 alii
730 689 829 754 nolint
843 690 880 753 ad
896 693 995 754 sanio-

157 798 222 838 rem
238 779 411 840 sententiam
427 777 533 850 redire,
556 778 696 856 possimus
712 777 869 838 ardtiorem
885 799 995 860 quarn·

158 861 227 922 dam
244 863 413 925 societatem
428 861 539 935 colere,
562 860 591 922 dc
611 860 711 940 palam
725 863 816 923 etiam
832 862 848 923 ὲ
863 864 994 943 pertina-

158 948 255 1022 cibuS,
278 950 358 1028 quod
380 964 495 1021 tamen,
518 944 571 1006 nisi
586 945 725 1006 omnibns
740 945 845 1007 frustra
860 948 994 1021 tentatis,

157 1031 329 1093 faciendum
340 1031 467 1107 nonest,
491 1031 636 1104 secedere,
658 1040 673 1073 2
686 1024 706 1090 st
721 1030 858 1093 illicitum
870 1031 905 1093 fit
916 1032 995 1112 apud

158 1137 210 1176 eos
224 1117 349 1180 candide
364 1118 392 1178 dt
407 1113 539 1178 modeste
554 1116 651 1176 dicere
667 1116 748 1197 quod
764 1115 881 1192 sentias,
905 1133 995 1200 atque

158 1199 339 1282 abstinerem
354 1200 531 1263 damnandis
545 1201 593 1275 iis,
615 1223 691 1280 quos
707 1201 831 1262 minime
846 1201 993 1263 damnan-

158 1283 212 1348 dos
225 1285 281 1347 esse
291 1286 450 1348 existimes.
467 1318 469 1322 ·
490 1285 612 1368 Religio
625 1281 794 1346 Christiana
805 1301 897 1361 vetat,
919 1309 995 1349 con-

156 1385 203 1430 tra
218 1373 309 1431 animi
326 1372 515 1446 sententiam,
538 1369 635 1451 loquI,
658 1391 693 1430 ac
709 1371 841 1444 mentiri,
864 1371 995 1432 &dam-

157 1476 229 1533 nare
248 1456 406 1530 innoxi0s3
431 1477 486 1516 nec
500 1456 636 1537 ingratus
651 1454 723 1516 Deo
736 1453 792 1515 effe
807 1455 902 1536 potest
916 1458 996 1539 quis-

157 1540 237 1620 quie,
268 1562 306 1601 ex
329 1542 499 1604 divinorum
520 1539 643 1600 illorum
666 1555 884 1621 praeceptorum
910 1564 994 1603 reve-

157 1625 265 1699 rentia,
288 1624 318 1686 dt
340 1621 548 1701 admiratione,
581 1623 699 1706 quidvis
724 1620 825 1705 potius
853 1628 994 1706 patietur,

157 1730 250 1790 quam
264 1723 298 1770 ut
307 1731 344 1770 ea
358 1710 531 1795 perfringat.
576 1707 730 1794 Ejusmodi
746 1711 838 1773 animi
854 1711 995 1788 adfedtio,

156 1817 226 1875 quae
248 1815 287 1855 ex
309 1795 484 1880 cognitione
508 1794 610 1869 officii,
625 1815 796 1878 ,amoreque
810 1793 871 1858 Dei
887 1797 995 1859 arden-

155 1880 264 1949 tiffimo
278 1896 350 1942 nata
363 1879 418 1958 est,
440 1902 503 1943 non
517 1879 615 1962 potest
625 1878 700 1944 Deo
721 1903 785 1943 non
807 1879 996 1967 summopere

156 1964 283 2046 plaeere.
323 1985 327 1992 ·
454 1982 456 1985 ’
999 2009 1002 2015 -

199 2048 296 2133 Igitur
317 2048 551 2113 dissentientibus
565 2050 741 2114 Christianis
767 2052 995 2134 dispiciendum,

155 2136 280 2216 quinam
303 2137 416 2215 optime
440 2138 576 2197 omnium
601 2136 738 2214 sentiant,
760 2160 817 2200 nec
833 2137 995 2201 damnandi

155 2241 314 2301 umquam,
336 2218 388 2281 nist
412 2222 477 2300 qui,
507 2242 538 2281 re
562 2221 653 2301 probe
678 2222 839 2303 perspedta,
867 2222 993 2285 damna·

156 2306 238 2366 tione
265 2304 347 2387 digni
370 2304 456 2366 nobis
481 2306 639 2378 videntur;
662 2306 753 2389 iisque
768 2307 993 2385 adhaerendum,

155 2390 209 2470 qui
231 2411 289 2451 nec
308 2388 375 2452 ulla
395 2390 539 2473 dogmata
563 2391 655 2466 credi,
679 2414 747 2473 quae
774 2393 791 2455 ai
815 2394 901 2456 nobis
923 2394 995 2457 salsa

155 2474 316 2548 habentur,
339 2496 395 2536 nee
408 2474 481 2551 ulla,
505 2497 573 2557 quae
587 2491 729 2556 putamus
743 2475 800 2539 esse
810 2495 891 2552 vera,
907 2478 1014 2542 dam-³

155 2560 220 2623 uari
236 2558 396 2641 postulant.
442 2558 537 2640 Qrod
552 2558 573 2621 st
589 2560 606 2620 zi
621 2559 706 2623 nullo
722 2578 806 2624 coetu
822 2561 994 2629 Christiano

155 2643 307 2725 impetrari
319 2642 427 2725 posset3
451 2659 519 2705 tum
533 2666 605 2706 vero
619 2666 691 2718 cum
705 2646 753 2723 iis,
775 2648 827 2731 qui
839 2648 995 2713 nobiscum

188 2790 203 2822 2
219 2777 245 2823 si
255 2776 354 2822 illicitum
358 2778 399 2839 fit,
417 2775 476 2839 δια]
494 2779 558 2825 Dum
590 2787 648 2837 tem,
665 2781 721 2828 dum
733 2784 875 2830 mendacium
890 2786 938 2841 eius
958 2785 995 2832 lo-

155 2836 209 2886 licet
235 2841 356 2900 dissentire,
389 2848 411 2887 dc
438 2841 559 2888 dissensum
590 2860 644 2891 curn
654 2847 775 2904 obtineret,
788 2839 936 2911 honoresque,
954 2849 995 2897 soli

156 2904 265 2963 profiteri,
291 2921 337 2951 non
356 2906 387 2951 est
405 2922 446 2951 cur
465 2904 477 2952 ἒ
498 2916 557 2953 coetu
591 2909 681 2955 veritati
692 2912 786 2971 debitos,
804 2913 844 2970 sibi
860 2916 993 2963 vindicaret.

156 2968 256 3028 publico,
291 2970 332 3015 ntfi
361 2967 462 3031 perversa
485 2971 509 3017 in
531 2986 557 3017 eo
590 2972 780 3032 Nifihocfieret,
799 2976 994 3043 modioluxsudii-

155 3032 226 3077 essent
241 3033 403 3080 Christianismi
422 3032 558 3081 fundamen·
590 3049 677 3086 teretur.
712 3040 747 3086 Sie
759 3039 861 3087 Christus
875 3040 887 3087 ξ
899 3042 995 3088 coetibus

158 3105 190 3150 ta,
208 3096 329 3157 abeamus;
348 3098 383 3144 sed
401 3098 440 3144 ubi
456 3098 560 3146 beenon
590 3102 724 3167 Judaeorum
752 3119 798 3152 non
826 3103 918 3163 secessit,
953 3115 997 3150 nec

157 3158 220 3217 licet,
237 3176 279 3206 nec
296 3160 420 3220 possumus,
438 3163 478 3208 nisi
497 3164 558 3209 dissi-
592 3166 695 3227 Apostoli
712 3184 750 3214 eos
768 3166 921 3227 deseruerunt,
939 3169 996 3214 dum

158 3223 256 3278 mulata,
274 3235 313 3269 aut
328 3226 436 3284 abnegata
455 3227 558 3284 veritate,
592 3228 657 3275 licuit
670 3231 693 3276 in
708 3232 734 3277 iis
748 3232 851 3291 Magistri
867 3231 999 3280 destrinam

157 3290 182 3333 in
198 3303 225 3333 eo
246 3288 330 3345 vivere,
349 3298 399 3336 tum
420 3305 473 3335 vero
490 3291 559 3337 relin·
593 3293 703 3353 profiteri,
720 3299 742 3343 dc
753 3296 841 3345 docere.
868 3296 930 3343 Vide

158 3353 258 3411 quendus
271 3362 356 3413 cetu53
373 3368 419 3398 non
434 3354 487 3400 licet
498 3355 560 3400 enim
595 3372 660 3403 x111.
677 3359 718 3420 46.

157 3416 259 3476 mentiri,
277 3427 317 3463 aut
328 3415 464 3465 diffimulate
475 3419 561 3466 vetita-

549 3480 633 3567 Ma
