2325 4050
154 272 217 342 300
265 253 481 337 J.Cren1c1
507 273 661 319 courna
683 249 899 316 lunrrrrn.

158 377 373 457 amittendam
387 402 481 465 quam
492 399 572 455 eam,
585 401 654 464 quae
665 378 765 441 amitti
778 376 910 460 nequit,
924 372 1021 471 prima

159 462 230 527 data
251 463 420 542 occafione,
450 464 580 546 adipisci.
606 460 744 526 Milites
765 462 932 535 videmus,
955 482 1017 541 qur,

80 623 83 628 p
159 564 307 613 nontam
330 552 433 632 patriae
454 550 555 627 causa,
577 571 671 632 quam
685 563 720 610 ut
734 549 873 632 gratiam
890 545 1017 628 Regum

162 633 387 716 &Principum
412 633 464 697 fibi
490 651 544 697 aut
568 634 691 697 familiae
713 631 866 714 superstiti
896 644 1015 713 parent,

161 720 296 782 maxima
310 719 442 802 pericula
456 720 605 803 impavide
619 720 743 793 adeunt,
765 717 798 780 δι
815 716 944 779 fibimet
965 713 1017 796 ipsi

161 803 363 887 gratulantur,
385 804 468 889 quod
479 806 514 867 iis
527 819 663 886 parentes
677 799 858 866 vulneribus
875 802 948 865 sunt
961 799 1014 861 ad-

161 888 245 964 sedi,
268 888 378 972 quibus
405 876 536 953 sentiunt
558 890 587 953 se
611 911 685 953 mox
707 888 901 950 interituros.
946 884 1015 948 Imo

161 975 339 1037 mercenarii
355 973 407 1056 ipsi
423 975 575 1039 fortiffime
590 997 644 1057 pro
659 975 706 1050 iis,
730 972 877 1057 aquibus
898 972 1014 1056 exiguo

160 1055 307 1140 stipendio
321 1058 464 1123 condudti
475 1060 553 1136 sunt,
576 1074 715 1145 pugnant
722 1079 759 1120 ac
769 1059 870 1121 vitam
883 1055 1014 1141 prosun-

161 1143 256 1219 dunt3
279 1143 391 1208 &sunt
406 1146 458 1229 qui
473 1144 585 1221 nolint,
608 1159 643 1208 ut
656 1143 828 1207 Veritatem
850 1156 1013 1218 tueantur,

161 1243 228 1290 rem
250 1244 395 1292 aetemam
411 1230 442 1294 &
456 1229 588 1293 Numini
602 1229 695 1315 longe
709 1228 930 1314 gratissimam,
944 1249 1013 1289 ma-

159 1314 309 1397 ximisque
332 1317 462 1398 praemiis
482 1315 690 1402 eonjund'tam,
718 1315 748 1376 se
771 1313 923 1397 periculo,
946 1333 1013 1374 non

161 1398 262 1461 dicam
276 1400 359 1477 vitae,
382 1401 483 1464 sedne
504 1401 738 1463 amittendarum
759 1400 885 1483 quidem
908 1396 1011 1460 facul·

161 1491 274 1561 tatum,
290 1500 343 1548 aut
353 1485 536 1571 dignitatum
547 1486 743 1559 caducarum,
756 1482 906 1571 objicere!
923 1482 1012 1567 Ergo

161 1577 210 1631 res
236 1570 296 1652 ipsa
320 1570 434 1635 elamat
461 1586 613 1653 oportere,
644 1569 789 1633 Veritatis
817 1569 847 1632 &
874 1567 1011 1631 Virtutis

162 1651 263 1730 causa,
300 1656 417 1741 quidvis
446 1657 546 1739 potius
576 1656 717 1738 perferre,
754 1676 854 1739 quam·
887 1668 935 1731 ut,
974 1654 1010 1715 iis

161 1739 283 1816 omiffis,
304 1741 460 1825 indignam
482 1742 553 1805 viris
576 1742 684 1817 vitam,
707 1754 759 1803 aut
781 1739 902 1825 fragilia
925 1740 1010 1803 bona

160 1823 379 1888 conservemus.

206 1908 312 1993 Itaque
326 1911 385 1974 hoc
399 1910 486 1973 nobis
500 1912 644 1993 praecepit
658 1908 808 1986 Christus,
829 1912 916 1995 cujus
940 1911 1008 1972 haee

162 1993 231 2057 sunt
245 1994 351 2059 verba:
375 1995 499 2060 ⁷Omnis
514 1999 564 2081 qui
578 1997 752 2083 confitebitur
765 2018 819 2071 me,
842 2021 937 2061 coram
960 1998 1008 2059 ho-

163 2081 297 2161 minibus,
319 2084 463 2166 confitebor
474 2085 509 2146 ὅ
520 2107 650 2166 egotam,
673 2105 764 2144 corum
773 2097 856 2164 patre
867 2107 935 2156 meo,
960 2084 1011 2164 qui

164 2166 195 2226 in
209 2167 284 2230 coelis
298 2169 344 2253 ιβ.
391 2166 457 2252 Qui
471 2183 561 2230 autem
576 2170 724 2250 negaverit
739 2193 791 2242 me,
813 2191 906 2231 coram
917 2168 1010 2229 homi-

164 2250 257 2329 nibus,
280 2252 381 2336 negabo
399 2255 434 2316 &
455 2277 501 2337 ego
515 2277 588 2328 eum,
610 2276 701 2315 coram
715 2253 807 2315 Patre
821 2277 890 2332 meo,
912 2255 964 2335 qui
979 2255 1010 2314 in

164 2335 242 2396 coelis
256 2338 295 2422 ιβ
301 2363 311 2412 ;
335 2337 444 2420 quibus
459 2338 555 2399 verbis
571 2336 717 2422 fignificat
737 2339 764 2399 se
787 2357 858 2398 eum
882 2360 899 2399 a
922 2340 1009 2399 nitu-

164 2438 233 2481 rum
249 2444 303 2504 pro
315 2421 473 2502 Discipulo
487 2423 551 2498 suo,
576 2422 681 2485 &vita
694 2439 817 2500 aeterna,
840 2423 871 2484 in
918 2422 1009 2485 ltimo

166 2502 300 2585 Judicio,
323 2509 517 2582 donaturum,
541 2510 594 2591 qui
616 2509 784 2570 dodlrinam
806 2507 894 2589 ipsius
920 2509 1009 2571 sadlis

164 2589 196 2657 dl
211 2591 296 2654 ditiis
308 2615 474 2674 numquam
486 2591 679 2655 diffimularit.
703 2593 869 2656 Prudenter
882 2595 1009 2677 quidem

167 2676 237 2737 alibi
260 2678 319 2760 ipse
341 2678 463 2739 testatus
487 2678 529 2740 est
551 2678 658 2741 debere
673 2681 732 2741 hoc
747 2679 822 2754 fieri,
844 2701 916 2764 epm
931 2681 1011 2742 dixit

168 2759 385 2845 ⁸Margaritas
408 2787 461 2826 non
485 2765 535 2848 affe
552 2765 646 2847 porcis
669 2767 843 2848 abjiciendas.
888 2763 946 2827 Sed
973 2787 1011 2826 ea

169 2846 327 2928 prudentia
344 2869 383 2909 eo
403 2868 466 2910 non
481 2848 605 2928 speetu,
628 2864 663 2910 ut
677 2872 730 2930 per
744 2863 841 2912 totam
855 2849 964 2927 vitam,
988 2848 1009 2913 fi

168 2954 245 3011 opus
260 2931 306 3011 sit,
329 2933 365 2994 ad
380 2933 533 2994 vitandam
548 2935 709 2996 hominurn
724 2938 799 2997 iram
814 2951 904 3017 atque
926 2938 1008 2998 invi-

167 3017 261 3095 diam,
283 3017 508 3095 disfimulemus‚
529 3019 642 3083 nedum
664 3033 699 3081 ut
721 3024 922 3095 mentiamur3
954 3044 1009 3085 ve-

167 3124 235 3164 rum
251 3120 346 3181 utne,
369 3105 467 3167 alieno
482 3120 617 3186 tempore
634 3104 760 3182 &loc0,
783 3108 921 3170 homines
937 3131 1006 3189 per-

165 3188 306 3251 vicaciter
327 3206 458 3253 errantes
480 3191 517 3252 ad
538 3192 684 3253 saniorem
707 3212 842 3256 mentem
866 3215 1007 3256 revocare

162 3274 268 3337 frustra
288 3275 503 3359 adgrediamur.
549 3279 663 3358 Aperte
686 3296 803 3354 monet,
827 3278 892 3360 post
914 3281 1007 3342 verba

176 3391 191 3437 7
203 3378 283 3439 onmis,
293 3373 353 3440 deo]
365 3376 457 3426 Matth.
471 3391 497 3430 x.
511 3390 550 3430 12.
585 3380 600 3428 8
612 3378 778 3445 Margaritae]
792 3380 882 3431 Mattlr.
898 3395 928 3428 vr
926 3381 985 3505 516

668 3461 683 3505 1
908 3465 926 3506 a
959 3458 1010 3508 ata
