2325 4050
171 275 211 341 16
303 267 594 336 H.Gnor1us
621 280 675 326 uu
700 255 869 326 Vnum

166 408 288 468 cantur,
323 389 399 454 ficut
426 389 444 453 ὲ
470 388 552 451 bono
581 386 700 451 medico
728 389 883 472 ingratum
911 385 1009 468 sapori

169 480 375 562 pharmacum.

352 594 371 682 §
384 594 444 663 IX.
467 597 576 660 Contra
591 597 655 660 duo-
657 591 813 679 principia.

212 712 385 800 Rejicieuda
411 726 514 776 autem
536 713 586 776 hic
607 709 707 776 'obiter
728 733 833 774 eorum
847 709 1006 790 sententia,

167 801 220 883 qui
233 801 246 838 ⁸
257 801 318 860 duo
328 797 474 879 principia
485 799 617 881 agentia,
640 796 769 858 alterum
779 798 907 874 bonum,
929 798 1006 861 alte·

168 907 237 946 rum
259 878 375 944 malum
398 882 571 962 posuerunt.
616 880 665 943 Ex
688 880 805 943 duobus
824 883 907 944 enim
927 906 1005 968 pug·
1032 902 1039 907 ··

168 967 308 1031 nantibus
321 968 398 1029 inter
411 966 439 1029 se
462 965 621 1030 destruam
636 965 717 1047 sequi
740 965 847 1046 potest,
870 967 1008 1031 ordinata

167 1051 349 1114 construdiio
359 1072 422 1114 non
434 1050 539 1133 potest.
584 1049 697 1132 Neque
708 1072 781 1112 vero
795 1049 870 1113 sicut
884 1053 1006 1135 aliquod

167 1135 211 1203 cst
225 1158 277 1218 per
291 1134 320 1198 se
333 1136 461 1211 bonum,
484 1137 526 1199 ita
541 1133 663 1218 aliquod
676 1132 733 1196 effe
747 1157 801 1215 per
819 1136 846 1197 se'
869 1134 899 1198 δι
921 1139 1008 1200 omui

168 1222 260 1284 modo
271 1219 388 1283 malum
400 1219 512 1303 potest:
534 1241 607 1284 cum
618 1217 734 1282 malum
745 1219 878 1282 defedus
890 1220 926 1284 fit
936 1222 1005 1306 qui-

168 1306 251 1381 dam,
273 1306 325 1389 qui
342 1303 399 1369 eise
418 1305 536 1389 nequit,
545 1375 547 1380 ,
550 1301 612 1376 misi
626 1305 658 1366 in
671 1325 703 1366 re
717 1301 886 1377 exfistente:
910 1307 1009 1388 ipsum

169 1405 272 1456 autem
280 1388 419 1456 exsdicre
428 1391 495 1477 jam
504 1397 518 1439 ⁹
528 1389 602 1454 boni
612 1387 655 1451 est
668 1387 794 1471 aliquid.

350 1529 371 1614 §
386 1528 429 1592 X.
452 1527 624 1613 Universum
637 1526 657 1590 ἃ
671 1526 735 1589 Deo
748 1527 820 1608 regi.

160 1707 165 1713 .
212 1644 274 1708 Dei
283 1659 385 1708 autem
397 1644 583 1724 providentia
595 1643 657 1728 regi
669 1645 728 1707 hoc
739 1643 921 1720 universum,
936 1639 1007 1704 inde

169 1743 303 1811 apparet,
325 1729 408 1813 quod
430 1750 494 1791 non
515 1743 636 1792 tantum
657 1729 809 1805 homines,
831 1729 942 1811 quippe
956 1729 1005 1790 in-

169 1814 294 1877 telleddu
308 1813 435 1895 praediti,
458 1813 506 1876 sed
526 1813 556 1876 δι
575 1834 658 1887 aves,
681 1813 764 1888 ferae,
787 1813 1008 1895 quadrupedes,

169 1899 278 1981 quibus
301 1897 411 1982 aliquid
434 1897 478 1960 est
499 1896 583 1983 quasi
599 1897 669 1960 vice
694 1897 879 1973 intelledius,
901 1919 1007 1961 curam

168 1984 282 2048 habent
302 1997 425 2062 eorum,
442 2005 512 2068 quae
536 2005 555 2045 a
578 1983 606 2045 se
633 1982 777 2065 produdia
803 1983 879 2046 sunt.
923 1980 1008 2066 Quae

168 2070 313 2151 perfedfio
324 2091 397 2132 cum
408 2090 475 2151 pars
487 2066 522 2131 fit
531 2067 687 2143 bonitatis,
710 2066 811 2131 aDeo
826 2068 1008 2131 removenda

169 2177 232 2219 non
244 2154 303 2232 est5
326 2176 423 2238 eoque
435 2154 544 2238 magis,
565 2152 649 2237 quod
659 2150 694 2214 fit
704 2152 778 2234 ipse,
792 2151 823 2215 δι
833 2152 1006 2230 mendicius,

167 2238 198 2302 ἃ
212 2242 417 2321 omnipotens,
440 2240 482 2302 ita
503 2253 538 2299 ut
559 2258 623 2300 uon
646 2238 732 2319 poffit
750 2259 812 2299 uon
826 2238 1006 2320 cognoscere

167 2335 216 2400 ea',
237 2347 307 2407 quae
329 2340 477 2408 aguntur,
495 2338 549 2386 aut
573 2343 591 2385 a
632 2323 691 2385 uda
716 2323 794 2398 sunt,
825 2343 920 2405 eaque
947 2323 1006 2403 ipse

166 2422 334 2489 temperare
346 2429 382 2469 ac
393 2408 521 2493 dirigere
536 2409 594 2469 faci
606 2407 679 2469 iime
692 2410 793 2488 poffit:
817 2426 879 2489 quo
890 2406 920 2469 δι
931 2406 1007 2469 illud

167 2493 308 2573 pertinet,
330 2492 413 2576 quod
424 2493 510 2574 supra
515 2494 582 2579 jam
594 2492 740 2569 diximus,
760 2491 799 2553 de‘
808 2506 894 2556 motu
905 2511 1007 2572 rerum

153 2585 273 2641 'contra
286 2592 426 2642 naturam
441 2579 610 2661 propriam.
625 2577 666 2639 ob
680 2575 777 2640 finem
787 2574 999 2640 universalem.-

378 2693 403 2778 §·
414 2693 473 2757 XI.
497 2696 598 2758 Etiam
609 2692 798 2779 sublunaria„

208 2793 351 2859 Multum
373 2812 476 2859 autem
499 2817 597 2859 errare
619 2818 687 2871 eos,
716 2801 768 2881 qui
789 2801 1006 2881 providentiam

164 2879 244 2946 hanc
261 2878 365 2945 'coeli‘
384 2879 506 2944 orbibus
529 2879 702 2959 includunt,
733 2905 805 2947 cum
827 2907 867 2949 ex
891 2886 1007 2949 ratione

940 2974 1007 3056 jam

165 3139 168 3146 ¹
196 3112 212 3162 8
237 3114 287 3163 Duo
306 3111 571 3224 Principiafpdkespioit
603 3114 708 3189 phyfico,
730 3116 854 3177 qualisvest
871 3119 1006 3192 exiisteutia.

163 3189 250 3226 veteres
262 3179 389 3244 Zomufflrc
406 3180 428 3224 d.
461 3178 527 3239 pulos
546 3184 570 3227 ει
602 3178 743 3227 Praeurtrffet
764 3179 808 3227 hae
835 3183 1008 3233 ratiocinatione

161 3241 318 3292 Manichaeot.
350 3240 449 3287 Clericus.
490 3281 492 3285 .
599 3240 718 3290 abstinere.
752 3244 852 3290 Clericus.

178 3455 181 3460 ·
277 3463 305 3478 ..
352 3473 358 3479 .
906 3429 1004 3491 tarfbm

153 3521 178 3575 Q

167 3645 202 3673 h.
