2325 4050
310 321 664 391 ,·Ra1.·.Cnrie'r.
701 322 875 423 Lim-123
986 336 1012 417 ἲ

161 446 302 523 scuntur‚
323 462 378 513 aut
400 447 566 527 pauciores.
612 442 674 509 Dei
697 459 802 507 autem
827 464 884 505 nec
910 447 1010 530 origo,

160 554 221 595 nec
237 532 328 595 causa
342 531 406 594 ulla
419 531 471 593 est.
517 529 607 592 Tum
621 551 693 591 vero
709 530 740 591 in
754 526 879 613 fingulis
891 528 1011 603 <liversis

160 617 233 680 sunt
248 618 389 701 quaedam
401 616 596 699 proprietates
609 613 650 676 sm
675 613 784 689 ulares,
807 614 918 697 quibus
933 616 1011 679 inter

159 703 191 765 se
213 702 472 765 discriminentur:
496 723 571 784 quas
596 701 626 762 in
649 636 732 775 ξω,
755 699 807 781 qui
835 716 945 762 natura
967 700 1010 763 ett

160 786 337 863 necelsaria,
360 808 471 868 ponere
494 808 557 848 non
580 783 624 847 est
647 782 853 847 necessarium.
897 785 1026 869 Neque·

160 895 238 936 vero
252 873 380 955 usquam
393 872 477 957 signa
490 870 694 952 deprehendas
709 867 847 932 Deorum
863 869 1007 951 plurium.

160 956 252 1020 Nam
271 973 337 1021 tota
355 960 422 1021 haec
445 955 617 1019 universitas
640 976 736 1017 unum
750 955 823 1018 facit
836 958 1009 1019 mundum:

131 1110 137 1119 ,
161 1042 196 1105 in
220 1067 259 1106 eo
281 1043 296 1077 ⁶
318 1065 415 1105 unum
441 1036 690 1125 pulcherrimum,
723 1040 784 1102 sol:
808 1042 856 1104 'in
883 1043 1010 1106 homine

161 1129 258 1191 ctiam
280 1149 465 1212 unoquoque
490 1150 588 1189 unum
612 1127 752 1207 imperat,
781 1148 878 1189 mens.
922 1127 1008 1191 Prae-

162 1229 259 1289 terea,
282 1213 303 1276 si
318 1214 379 1275 duo
392 1212 496 1288 essent,
519 1228 572 1274 aut
588 1212 686 1293 plures
698 1213 751 1287 dii,
774 1211 867 1273 libere
882 1230 1007 1296 agentes

163 1298 194 1378 &
215 1298 364 1374 volentes,
387 1296 502 1381 possent
523 1297 673 1361 contraria
694 1295 790 1358 velle:
814 1298 1008 1381 impediretur

162 1400 267 1446 autem
283 1385 358 1445 alter
373 1384 410 1445 ab
425 1382 531 1458 altero,
554 1404 619 1464 quo
629 1382 730 1443 minus
743 1381 824 1462 quod
836 1380 928 1448 vellet
940 1384 1007 1445 esst-⁸

161 1486 261 1532 ceret:
286 1469 422 1550 impediri
436 1482 538 1531 autem
554 1467 633 1549 poll'e
648 1464 721 1529 Deo
736 1466 896 1548 indignum
911 1465 964 1530 est.

164 1618 170 1627 ’
259 1635 284 1721 §
299 1635 357 1701 IV.
381 1609 418 1701 ti
433 1637 502 1714 Deo,
512 1636 565 1722 effi
579 1603 918 1723 omnemperfellirmms
955 1611 970 1715 Ι,
986 1700 993 1713 .

206 1755 255 1820 Ut
276 1755 470 1821 caetera'Dei.
488 1756 823 1837 attributanoscamus,
845 1778 938 1821 omne
960 1760 1006 1839 id,

121 1834 126 1845 '
160 1842 246 1926 quod
261 1843 595 1927 perfectionis‘nomine
616 1838 745 1927 intelligi
767 1840 842 1907 solet
864 1837 1005 1925 (utamur

160 1948 246 1991 nunc
270 1928 340 1991 sane
365 1929 424 1990 h'oc
445 1927 608 2010 vocabulo,
641 1928 764 2010 quando
790 1926 872 1990 aliud
896 1928 1016 2014 lingua·

159 2010 274 2077 Latina
287 2014 547 2098 non'suppeditat3
571 2011 721 2079 Graecum
735 2011 778 2076 ost
797 2014 945 2095 tantilem)
968 2016 1007 2078 in

161 2097 236 2163 Deo
253 2097 321 2177 elle,
344 2101 415 2163 hinc
430 2100 624 2185 intelligitur:
646 2098 729 2183 quod
743 2119 946 2182 quaecumque
958 2100 1005 2164 cll

160 2184 459 2266 persedioinrebus,
482 2185 732 2270 eaautcoeperit,
754 2184 882 2247 autnon
896 2205 1004 2266 coepea

159 2270 211 2334 rit.
257 2267 338 2353 Quae
366 2292 429 2333 non
458 2271 565 2353 coepit,
602 2269 664 2333 Dei
689 2268 742 2332 est.
786 2268 869 2351 Quae
889 2266 1004 2352 coepit,¹

159 2352 277 2418 neceffe
291 2353 333 2417 est
351 2356 500 2431 habuerit,
523 2356 604 2418 unde
625 2356 779 2437 inciperet.
824 2353 866 2419 Et
887 2377 959 2418 cum
982 2356 999 2418 a

160 2438 259 2502 nihilo
270 2437 345 2502 nihil
356 2439 410 2503 fiat
420 2464 527 2505 eorum
538 2464 607 2523 quae
618 2440 697 2516 sunt,
719 2440 862 2525 sequitur,
885 2457 919 2503 ut
929 2464 999 2524 quae

159 2524 193 2586 in
209 2523 323 2588 effectis
338 2542 482 2609 apparent
496 2525 706 2608 perfectiones,
728 2527 763 2587 in
774 2525 862 2588 causa
875 2528 1002 2603 suerint,

159 2625 196 2674 ut
217 2609 382 2674 secundum
405 2633 454 2675 eas
476 2612 563 2676 causa
583 2612 700 2676 efficere
722 2609 762 2674 ali
784 2609 835 2692 uid
849 2613 945 2693 poffit,
969 2612 1000 2675 δε

157 2694 287 2778 proinde
314 2719 420 2760 omnes
445 2697 477 2760 in
506 2697 603 2781 prima
627 2694 724 2760 causa.
804 2719 880 2781 eque
902 2699 1000 2779 prima

157 2781 249 2843 causa
263 2779 326 2843 ulla
348 2781 531 2864 perfessione
553 2780 655 2864 postea
676 2781 775 2846 orbari
797 2783 913 2865 potuit:
936 2806 1001 2848 non

157 2863 294 2942 aliunde,
315 2867 389 2950 quia
409 2865 491 2951 quod
514 2882 664 2930 aternum
685 2865 740 2943 etl,
762 2867 799 2930 ab
822 2868 887 2933 aliis
910 2870 1002 2933 rebus-

158 2972 223 3012 non
238 2950 361 3033 pendet,
381 2975 480 3036 neque
500 2952 664 3037 quicquam
683 2951 721 3015 ab
742 2952 862 3019 illarum
881 2954 1003 3017 aelione

156 3034 288 3119 patitur:
303 3058 403 3120 neque
417 3061 489 3108 vero
505 3039 522 3101 a
536 3038 576 3114 se,
599 3039 670 3122 quia
683 3053 791 3103 natura
805 3041 904 3105 omnis
916 3038 1003 3102 suam

157 3119 374 3203 perfefflonem
389 3125 513 3208 appetit.

190 3289 293 3350 otlnu‘m
312 3286 484 3368 pulcherrimum,
520 3304 561 3369 el]
595 3305 694 3355 incolis:
723 3307 780 3355 sicut
801 3304 851 3351 aliie
875 3302 1000 3351 vorticibus

156 3366 227 3412 Certe
246 3367 338 3413 vorticis
355 3368 424 3433 hujus
442 3370 521 3428 nostri,
537 3382 565 3417 ut
595 3383 673 3418 centra
696 3371 736 3419 ilia
757 3371 832 3429 ignea,
860 3383 911 3429 quae
926 3369 1002 3433 stellas

156 3445 223 3479 more
241 3429 352 3481 hodierno
370 3433 463 3497 loquer,
487 3434 564 3483 solaria
596 3450 715 3486 vocamus.
749 3433 850 3482 Clericus.

505 3498 621 3598 ἈΔΕ
859 3493 1007 3581 §Mt
