2325 4050
314 267 422 351 ,Rem
445 272 643 343 Gunrsr.
677 270 836 345 niun.
956 284 1006 372 8¹7.

155 385 251 469 modo
267 398 433 460 utiterum,
456 384 504 469 sed
519 400 553 446 ut
567 385 829 467 praecipuumsuae
844 385 912 451 fidei
926 391 999 454 sun·

155 472 350 547 dammum,
371 469 512 533 adferunt
526 470 663 533 omnium
678 469 817 533 locorum
832 471 862 534 ἃ
879 487 1001 556 tempo-

155 578 227 620 rum
250 552 428 619 Chrisiimi:
460 553 543 638 quod
565 550 628 640 fieri
650 578 714 619 non
737 557 848 637 potuit,
871 556 924 619 nisi
947 561 1000 641 qui

156 641 247 724 primi
263 636 464 703 Christianam
487 638 578 701 fidem
601 636 780 717 docuerunt,
803 656 888 705 certo
912 645 1004 704 audi-

157 726 275 789 toribus
290 725 347 787 suis
363 724 567 806 persuaserint,
590 724 713 787 remita
734 725 858 810 gestam.
904 726 1006 792 Certo.

158 826 263 889 autem
278 809 450 892 persuadere
473 811 531 870 hoc
554 830 618 871 non
662 813 1005 883 otueruntbominibus,

157 894 264 978 aliquo
285 893 401 979 judicio
427 893 568 975 praeditis,
598 832 660 955 nisi
674 896 868 973 affirmarent,
890 896 1006 965 semetss.

157 981 235 1063 ipsos
259 977 396 1043 oculatos
419 979 462 1040 rei
487 977 573 1042 testes
596 975 670 1043 esse:
702 976 762 1041 stne
784 1003 845 1064 qua
866 984 1024 1047 affirma-·

157 1067 256 1140 tione,
271 1087 363 1127 nemo
374 1063 563 1127 mediocriter
573 1063 659 1148 sanus
672 1063 730 1126 iilis
738 1064 883 1128 habuisset
893 1066 997 1144 fidem,

156 1149 322 1232 praesertim
335 1150 371 1210 iis
385 1149 583 1229 temporibus,
605 1171 677 1233 cum
690 1148 750 1228 iilis
764 1151 884 1213 credere
898 1153 999 1215 maxi-

156 1234 217 1297 mis
228 1233 318 1296 malis
330 1256 365 1295 ac
377 1231 515 1315 periculis
525 1231 687 1315 constaret.
728 1236 923 1298 Affirmatum
937 1239 997 1301 hoc

157 1320 198 1382 ab
224 1317 292 1401 ipfis
315 1340 427 1402 magna
449 1317 628 1395 constmtia,
649 1314 742 1381 etiarn
764 1318 833 1383 libri
854 1320 1001 1402 ipsorum,

157 1402 173 1442 ¹
189 1404 219 1467 sc
234 1403 363 1481 aliorum
377 1403 506 1465 docent:
528 1405 592 1465 imo
615 1424 654 1465 ex
672 1401 754 1465 libris
769 1419 904 1485 apparet,
927 1427 997 1487 pro·

157 1486 278 1554 vocasse
304 1511 357 1554 eos
377 1498 395 1549 .⁷
409 1487 447 1549 ad
461 1486 561 1572 *testes
587 1488 785 1573 quingentos,
820 1489 874 1572 qui
893 1487 1003 1570 Jesum

158 1572 227 1657 post
250 1587 379 1637 mortem
401 1573 567 1645 redivivum
593 1573 812 1656 conspexerint.
854 1571 935 1635 Norr
956 1572 1000 1636 est

159 1673 267 1722 autem
288 1680 355 1721 mos
377 1658 602 1734 mentientium,
626 1656 663 1721 ad
689 1671 754 1721 tam
775 1657 889 1722 multos
911 1656 1003 1723 testes

159 1765 336 1827 provocare.
366 1743 479 1826 Neque
492 1742 556 1805 fieri
571 1742 678 1823 potest,
701 1759 735 1807 ut
748 1743 780 1804 in
794 1743 900 1807 salsum
915 1742 997 1806 testi-

159 1828 300 1892 monium
322 1844 386 1892 tam
409 1826 498 1890 multi
519 1827 697 1909 conspirent.
742 1824 785 1894 Et
798 1843 833 1893 ut
846 1828 896 1891 zlii
910 1828 998 1893 testes

159 1935 226 1976 non
241 1910 372 1991 fuissent,
393 1934 486 1996 quam
509 1911 668 1975 duodecim
691 1911 737 1987 illi
750 1913 891 1976 notiffimi
903 1912 997 1976 Chri-

159 1996 421 2082 stianaedodirinae
436 1997 523 2081 primi
538 2011 763 2086 propagatores,
784 1998 916 2062 sufficere
937 1999 1001 2066 hoc

160 2083 299 2165 debebat.
343 2082 449 2145 Nemo
463 2082 555 2166 gratis
574 2082 672 2146 malus
688 2081 740 2146 est.
784 2083 942 2146 Honorem
958 2105 1000 2148 ex

160 2168 322 2231 mendacio
333 2167 446 2250 sperare
457 2189 520 2230 non
534 2182 684 2250 poterant,
706 2190 779 2230 cum
789 2169 886 2230 honos
898 2167 1002 2229 omnis-

160 2251 235 2315 esset
259 2275 353 2334 penes
372 2251 525 2337 Paganos,
547 2267 600 2315 aut
613 2250 751 2335 Judaeos,
773 2251 791 2313 ὲ
814 2251 923 2336 quibus
946 2251 1002 2335 ipsi

162 2337 278 2419 probris
301 2338 331 2401 δι
354 2338 520 2421 ignominia
538 2338 759 2400 afficiebantur:
782 2357 847 2401 non
868 2336 1004 2415 divitias,

161 2439 353 2485 cumcontra
367 2422 432 2484 haec
447 2422 583 2502 professio
598 2422 673 2505 saepe
684 2422 887 2497 &bonorum
909 2420 1002 2505 siqua

161 2506 269 2585 essent,
299 2508 410 2569 damno
433 2506 644 2569 multimetur:
678 2522 769 2590 atque
794 2521 829 2570 ut
853 2508 912 2568 boc
935 2529 1001 2568 non

160 2589 274 2669 suisset,
303 2608 406 2654 tamen
427 2587 634 2675 Euangeiium
658 2592 759 2654 doceri
781 2587 911 2672 ab3ips1s
937 2612 1001 2652 non

162 2674 270 2759 posset,
291 2676 345 2739 nisi
368 2675 454 2738 omni
473 2676 626 2738 bonorum
646 2674 859 2758 temporalium
877 2697 949 2737 cura
963 2697 1002 2739 o-

162 2758 257 2823 missa.
301 2760 495 2844 Neque've'ro
508 2759 567 2823 alia
577 2759 643 2826 ulla
655 2762 725 2830 vitae
739 2762 828 2847 hujus
840 2761 1002 2826 commoda

163 2846 203 2912 ed
225 2846 433 2916 mentiendum
455 2867 577 2910 movere
592 2869 643 2910 eos
657 2861 832 2930 potuerunt,
855 2868 926 2912 cum
940 2848 1003 2936 ipss

195 2998 260 3046 §Ee
276 2992 389 3059 aliorum]
406 2995 484 3044 utiam
498 2994 567 3054 cufi,
601 3001 644 3057 que
661 2996 727 3046 liberi
744 3002 767 3045 dc
788 2996 856 3044 amici
874 2997 1007 3060 superstites

162 3062 204 3123 qui
214 3060 463 3109 adversustristianos
474 3058 567 3123 stripfit.
601 3063 672 3109 audiri
687 3072 799 3125 poterent,
816 3076 841 3107 ac
857 3063 932 3110 testari
949 3075 1001 3121 quae

163 3124 226 3173 Vide
237 3126 356 3186 originem
367 3124 408 3173 lib.
424 3138 460 3173 11.
600 3127 727 3178 erudierant.
743 3126 820 3200 Major
828 3136 906 3175 autem
917 3124 1001 3187 horum

198 3205 223 3250 7.
236 3185 487 3254 Adtesterquingerror.]
503 3189 565 3238 Pni-
599 3205 648 3252 pars
669 3192 740 3240 etiam
764 3185 866 3248 irveba't,
892 3187 1001 3236 scribente

161 3253 201 3310 lut
219 3269 230 3301 1
247 3254 274 3301 ad
285 3253 392 3301 Corinth.
405 3267 443 3300 xv.
457 3249 481 3299 6.
499 3252 565 3314 qnos·
599 3255 639 3304 ista
657 3254 738 3308 Paulo.
772 3254 830 3303 Haec
847 3250 961 3313 appetitio
976 3245 1005 3300 in*

162 3318 219 3364 dam
240 3333 320 3365 eorum
337 3331 365 3363 eo
383 3325 485 3388 tempore
502 3331 570 3374 mor-³
597 3315 913 3384 monremfflaeoecontigit.
1001 3313 1004 3318 ’

161 3392 216 3431 tuos
226 3382 270 3434 effe
280 3382 336 3432 dicit
340 3455 354 3493 Ι
369 3379 406 3429 sed
416 3379 501 3431 horum
508 3397 566 3445 quo·
605 3439 608 3447 1

895 3435 1004 3505 Euan-
