2325 4050
274 265 612 330 San'rrnarn
649 262 837 328 er.
913 269 975 356 289

138 388 294 476 &Belgii,
316 391 369 474 qui
391 389 499 452 saeculo
524 404 601 448 xvl·
625 385 664 448 ab
687 385 820 450 Ecclesia
835 385 978 453 Romana

140 475 329 540 seceffionem
343 478 491 538 fecerunt.

181 560 247 643 Qui
270 561 416 625 Historias
442 562 505 645 ejus
533 555 635 620 saeculi
661 555 810 622 adtentius
837 559 979 645 legerunt

140 647 232 728 probe
252 649 348 711 sciunt
367 647 435 708 ideo
456 651 576 707 tantum
600 641 802 706 introductam
824 643 880 707 esse
899 648 980 709 hanc

139 731 332 814 posteriorem
366 731 519 816 regiminis
548 728 691 803 formam,
728 729 811 810 quod
840 730 981 814 Episcopi

139 817 259 880 nollent
283 817 448 880 concedere
475 816 522 892 iis,
556 815 609 896 qui
635 812 803 877 doctrinam
828 815 980 879 &mores

139 899 380 966 Christianorum
412 899 624 964 emendatione
657 898 815 962 necess‘aria
847 902 982 987 indigere

114 1042 116 1046 .
140 989 375 1063 contendebant,
398 985 587 1050 emendanda
608 1005 644 1047 ea
666 981 735 1058 esse,
757 1007 827 1068 quae
841 1003 983 1070 corrupta

140 1074 412 1157 conquerebantur.
457 1069 583 1152 Alioqui
607 1067 783 1152 stEpiscopi
805 1085 879 1134 tunc
902 1089 982 1136 tem-

142 1160 222 1240 poris
246 1159 325 1221 idem
351 1159 449 1219 facere
471 1156 585 1239 ubique
609 1156 713 1238 sponte
739 1157 790 1218 sua
811 1156 983 1235 voluissent,

141 1244 225 1326 quod
240 1245 271 1306 in
283 1243 398 1328 Anglia
412 1242 493 1304 haud
508 1239 607 1303 multo
620 1240 684 1322 post
699 1240 813 1303 facium
827 1241 881 1318 est,
903 1246 984 1330 regi-

94 1355 99 1363 ·
142 1351 214 1391 men
226 1329 301 1392 illud
316 1331 484 1391 etiamnum
496 1326 598 1401 hodie,
621 1325 700 1408 apud
712 1349 818 1390 omnes
831 1329 883 1411 qui
893 1330 984 1392 seces-

141 1413 242 1477 serunt
265 1415 302 1476 ab
325 1411 460 1476 Ecclefia
479 1411 634 1487 Romana,
656 1410 817 1488 obtineret,
841 1413 870 1475 δι
892 1415 984 1477 innu-

91 1511 92 1515 ’
142 1521 234 1562 merae
257 1498 455 1573 calamitates,
479 1520 561 1580 quae,
585 1494 724 1560 omuibus
748 1499 926 1581 perturbatis
950 1523 987 1563 ac

142 1583 305 1660 convulsrs,
317 1584 523 1675 contigerunt,
536 1582 683 1645 anteverti
693 1581 862 1664 potuissent.
885 1583 986 1648 Nulla

98 1685 103 1688 ·
142 1671 226 1731 enim
240 1670 299 1731 suit
313 1672 402 1744 ratio,
424 1667 528 1731 slvere
549 1689 614 1730 rem
633 1666 825 1746 aestimemus,
848 1672 986 1734 mutandi

141 1754 309 1837 regiminis,
333 1769 441 1837 praeter
459 1755 556 1826 hanc,
579 1752 661 1836 quod
676 1751 771 1816 stante
786 1771 885 1818 vetere
904 1758 986 1841 regi-

144 1840 239 1914 mine,
261 1840 340 1922 aequi
353 1840 428 1901 nihil
441 1839 591 1919 impetrari
605 1835 707 1921 pollet.
736 1838 852 1924 ¹Itaque
861 1840 985 1928 Presby-

144 1939 248 1986 tcrana
273 1925 382 2001 forma,
419 1924 564 2006 plerisque
587 1925 618 1985 in
642 1922 729 2000 locis,
762 1924 805 1986 est
830 1925 986 2002 instituta,

144 2009 226 2092 quod
242 2011 290 2073 ubi
303 2009 392 2073 semel
405 2011 521 2072 sactum
532 2007 586 2084 est,
608 2009 759 2086 omnium,
784 2012 837 2093 qui
848 2011 987 2095 Reipub-

143 2094 210 2158 licae
225 2094 318 2158 Civili
343 2098 376 2157 iis
399 2096 430 2156 in
453 2094 529 2156 locis
546 2094 688 2174 praesunt,
710 2096 752 2155 ita
766 2096 915 2173 interfuit,
938 2099 987 2159 in·

142 2178 291 2263 terestque
307 2181 475 2242 etiamnum
486 2177 575 2241 hodie
587 2178 661 2240 nihil
673 2180 797 2256 mutari,
820 2197 855 2244 ut
863 2198 996 2246 maneat·

141 2264 257 2327 necesse
271 2264 322 2339 s1t3
346 2264 399 2327 nisi
421 2265 490 2347 quis
512 2262 618 2325 mallet
641 2279 797 2346 propterea
823 2267 987 2348 periculose

143 2351 257 2412 turbari
271 2374 377 2415 omnes
392 2352 534 2425 ditiones,
558 2350 589 2411 in
612 2350 722 2432 quibus
745 2351 863 2416 obtinet
870 2379 880 2427 3
903 2353 986 2436 quod

143 2436 305 2517 prudentes
320 2458 490 2519 numquam
505 2434 685 2512 concedent,
709 2458 806 2518 neque
822 2436 863 2499 est
874 2454 988 2520 optan·

141 2521 226 2582 dum.
271 2520 384 2584 Forma
398 2522 552 2606 regiminis
572 2518 736 2583 constituta
757 2521 831 2585 olim
854 2523 924 2600 fuit,
947 2522 985 2585 ad

141 2606 399 2669 conservationem
415 2603 559 2672 doctrinae
571 2604 762 2682 Christiane,
784 2629 847 2670 non
863 2609 901 2670 ad
916 2630 984 2690 per-

104 2756 107 2764 ,
145 2692 349 2771 turbationem
372 2690 561 2771 Reipublicae
573 2716 583 2764 3
620 2712 703 2773 quae,
736 2689 797 2753 sine
818 2692 986 2757 discrimine

144 2773 234 2857 ipsius
246 2769 427 2860 Religionis‘,
450 2776 626 2859 contingere
640 2777 692 2838 vix
707 2775 812 2858 potest.

185 2859 292 2946 Itaque
319 2861 479 2943 prudentes
505 2861 572 2935 viri,
603 2862 741 2943 quamvis
761 2860 984 2945 Apostolicam,

142 2944 330 3031 similemque
356 2946 468 3028 ubique
494 2944 732 3010 administrandae
755 2946 897 3010 Ecclestae
919 2948 997 3010 for-.

142 3052 227 3095 mam
249 3047 449 3114 praeoptarent
456 3058 466 3106 ;
488 3032 588 3095 resin
611 3054 648 3096 eo
666 3032 755 3108 statu,
779 3034 886 3113 inquo
902 3032 982 3109 sunt,

141 3114 353 3200 relinquendas
373 3118 473 3199 potius
493 3131 658 3198 putarunt;
680 3138 773 3199 quam
796 3117 982 3191 adeundum,

142 3204 226 3284 quod
240 3225 386 3266 novarum
402 3224 502 3264 rerum
517 3201 708 3264 molitionem
722 3202 838 3284 semper
852 3203 982 3263 comita·

142 3302 204 3364 tur,
228 3288 407 3369 periculum.
452 3285 570 3350 Interea
585 3283 769 3370 quicumque
781 3286 939 3367 sapuerunt
955 3287 984 3348 se

142 3372 273 3439 invicem
287 3375 444 3457 propterea¹
455 3372 595 3518 nrir'rimpJ
592 3371 731 3448 oderunt,
745 3371 982 3518 'conviciiespqo

903 3478 930 3517 cr
952 3480 985 3518 e-
