2325 4050
297 220 836 322 nia.c³n1sr.uin..1n.
925 283 983 344 141

142 373 202 436 lari
218 369 281 436 Dei
296 376 449 438 curatione
465 377 545 454 circa
559 397 606 436 res
627 377 716 438 hu'us
740 379 869 460 generis,
893 383 986 464 aequis

91 492 105 545 3
145 458 291 521 omnibus
307 459 438 521 sufficere
452 461 552 536 debet,
575 475 610 521 ut
632 400 703 522 fides
728 464 852 525 narratis
875 465 986 527 habea-

91 552 105 617 Ι,
144 558 211 607 tur:
235 544 347 625 quippe
360 566 432 606 cum
454 545 519 610 aliis
541 544 690 627 quibusvis
706 544 925 610 Historicorum
947 550 985 610 li·

91 628 105 707 a]
145 628 220 701 bris,
243 628 352 708 quibus
372 628 458 693 nulla
477 630 540 713 ejus
555 629 671 712 generis
687 628 796 691 adsunt
806 631 985 710 testimonia,

145 712 227 777 credi
243 711 346 788 soleat,
370 713 424 775 nisi
437 714 536 775 valida
549 715 626 775 ratio
641 715 672 774 in
695 717 879 793 contrarium
902 718 986 779 adse-

91 800 95 807 ’
146 813 243 872 ratur,
266 819 335 880 quae
348 799 399 861 hic
415 814 494 863 certe
508 797 594 863 nulla
607 797 657 860 est.

91 1048 92 1059 ἵ
146 965 242 1055 §XL
267 966 371 1033 Salutio
385 970 552 1054 objeliionis,
568 967 785 1051 quasthislibris
795 970 986 1035 contineantur

91 1064 98 1115 l
473 1053 657 1140 impofflbilia.

183 1172 275 1240 Nam
289 1175 310 1240 sr
325 1180 392 1261 quis
407 1179 498 1254 dicat,
521 1178 661 1261 quaedam
684 1178 715 1238 in
740 1178 786 1240 his
809 1177 890 1241 libris
913 1203 983 1241 nar·

142 1264 214 1338 rari,
230 1284 299 1344 quae
311 1262 373 1325 fieri
388 1285 451 1325 non
466 1267 584 1344 possint,
609 1270 618 1301 ¹
629 1283 701 1322 cum
711 1264 776 1345 jam
788 1264 873 1343 supra
884 1264 983 1326 oslen-

143 1349 289 1421 derimuS,
312 1346 368 1409 ell'e
387 1348 538 1430 quaedam,
561 1370 631 1430 quae
654 1346 690 1406 ab
711 1347 882 1408 hominibus
906 1372 984 1429 prae·

143 1430 212 1494 stari
228 1454 290 1493 non
305 1435 423 1512 pollint,
446 1435 463 1494 ai
479 1431 551 1499 Deo
566 1447 668 1494 autem
684 1431 801 1509 poffint,
824 1446 905 1512 qua,
928 1434 982 1493 sci-

142 1515 229 1592 licet,
245 1515 361 1578 nullam
373 1519 404 1580 in
416 1519 443 1580 se
452 1517 682 1602 repugnantiam
694 1514 854 1593 includunt
860 1543 868 1589 3
893 1531 983 1598 atque

91 1630 92 1665 l
141 1622 250 1663 earum
272 1623 372 1663 rerum
395 1604 426 1663 in
448 1625 576 1664 numero
598 1599 654 1661 elle
679 1599 770 1668 etiam
796 1598 874 1676 illas,
907 1613 982 1682 qu'as

141 1687 279 1747 maxime
298 1687 455 1761 miramur,
478 1686 658 1771 prodigiosas
682 1684 817 1760 virtutes,
849 1686 879 1748 dt
898 1709 981 1748 mor-

140 1785 269 1833 tuorum
294 1771 325 1832 in
355 1773 449 1837 vitam
475 1772 717 1845 revocationem,
755 1772 903 1835 evanescit
928 1770 982 1837 ista

137 1854 285 1944 objediiu

180 2056 183 2063 ·
260 2042 262 2045 ’
318 2024 425 2110 §XH-
450 2008 511 2089 lut
525 2026 544 2089 ἃ
560 2024 670 2090 ratione
683 2028 797 2113 diffona.
860 2013 862 2017 ¹

184 2153 299 2237 Neque
307 2141 409 2237 *magis
424 2135 562 2213 audiendi
578 2150 657 2227 sunt,
679 2151 700 2215 st
721 2154 773 2234 qui
788 2152 890 2213 dicant
903 2152 979 2236 dog-

136 2255 226 2304 mata
248 2239 386 2322 quaedam
406 2238 437 2300 in
460 2238 505 2300 his
529 2233 610 2296 libris
630 2237 760 2316 reperiri,
783 2260 852 2317 quae
868 2237 884 2297 a
898 2239 979 2299 recta

135 2326 258 2389 ratione
279 2322 434 2400 dissonent.
479 2320 564 2382 Nam
589 2320 720 2399 primum
750 2321 895 2382 refellitur
918 2323 978 2384 he:

125 2424 227 2478 ,tanta
252 2408 445 2474 multitudine
470 2407 603 2468 virorum
630 2406 763 2489 ingenio,
798 2406 977 2483 eruditione,

136 2493 282 2575 sapientia
296 2492 474 2565 valentium,
497 2490 548 2573 qui
564 2491 673 2553 horum
687 2490 832 2551 librorum
847 2492 977 2553 auetori-

137 2592 237 2641 tatem
252 2578 341 2656 secuti
356 2578 435 2651 sunt,
453 2579 519 2660 jam
538 2574 607 2635 inde
623 2575 639 2634 a
656 2574 756 2653 primis
779 2576 975 2657 temporibus.

138 2662 232 2724 Tum
245 2685 317 2724 vero
331 2681 531 2744 quaecumque
543 2660 574 2719 in
587 2658 683 2742 primo
694 2657 771 2719 libro
783 2657 895 2721 ostensa
910 2661 977 2723 suu't

137 2770 307 2831 congruere
321 2748 410 2807 redlae
424 2746 543 2819 rationi,
567 2757 640 2823 puta
655 2741 760 2804 Deum
775 2741 842 2819 esse,
866 2744 896 2806 dc
907 2746 976 2828 qui-

138 2833 210 2893 dem
237 2834 373 2905 unicum,
396 2830 647 2911 perfecliffimum,
671 2828 822 2889 immensae
845 2830 976 2907 virtutis,

137 2917 223 2993 vitae,
242 2917 274 2983 ,sa
295 2917 407 2989 ientiae,
426 2914 585 2986 bonitatis3
609 2913 688 2974 sacia
699 2912 736 2973 ab
748 2913 809 2994 ipso
820 2927 980 2997 quaecum-‘

138 3023 201 3084 que
214 2940 386 3073 subsistunt3
409 3021 514 3061 curam
529 3000 593 3083 ejus
608 2998 644 3061 ad
660 3019 750 3080 opera
761 3000 879 3075 omnia,
899 3022 977 3080 prae-

137 3086 239 3162 sertim
259 3086 296 3148 ad
318 3086 457 3147 homines
479 3085 646 3167 pertingere
654 3109 662 3156 ;
687 3081 765 3163 polle
780 3106 862 3159 eum,
885 3086 976 3145 etiam

138 3170 206 3254 post
218 3172 298 3238 hanc
309 3172 415 3245 vitam,
460 3170 559 3231 raemia
571 3168 691 3230 reddere
701 3166 753 3229 sibi
764 3168 976 3249 obtemperan-

137 3256 238 3335 tibus,
273 3257 402 3319 fraenum
427 3254 620 3337 injiciendum
646 3252 782 3314 sensuum
805 3251 976 3334 cupiditati·

298 3375 309 3409 1
327 3361 378 3409 Cum
384 3358 433 3423 jam
438 3358 507 3432 supra
516 3356 681 3423 ostenderimus]
699 3356 767 3405 Libro
779 3359 819 3407 tr.

926 3438 960 3479 us
965 3438 977 3493 3
