2325 4050
312 324 440 388 Rau.
463 323 662 388 Cunrsr.
699 323 864 391 Lra.1.·
987 348 1009 417 3

125 468 143 519 ᾗ
161 447 298 522 faciunt,
319 446 469 511 fallerent.
513 445 621 531 Itaque
632 446 751 529 sumpto
761 448 1011 516 exordiotllaude

165 531 278 596 nostrae
286 533 398 617 gentis,
407 556 475 616 quae
483 532 644 616 navigandi
653 531 784 595 sollertia
791 548 913 599 caeteras
921 535 1011 602 facile

166 619 284 694 vincat,
304 619 436 681 excitavi
446 640 511 694 eos,
533 633 569 681 ut
582 619 639 679 hac
650 632 726 695 arte,
748 632 801 681 tan
823 640 895 683 uam
908 621 1011 691 divino

168 702 331 780 beneficio,
353 726 416 767 non
431 704 468 765 ad
488 703 574 765 suum
592 718 712 766 tantum
734 640 894 788 qualium,
916 705 964 769 sed
979 706 1010 769 ἃ

167 790 207 850 ad
222 804 314 866 verae,
337 789 396 851 hoc
410 786 464 865 est,
485 786 664 851 Christiana
676 786 845 872 Religionis
859 812 1008 875 propaga-

168 874 298 950 tionem,
316 888 481 936 uterentur.
517 872 631 955 Neque
642 873 723 935 enim
734 873 828 937 deelle
838 878 1009 952 materiam,

168 980 241 1021 cum
255 981 309 1042 per
321 958 468 1043 loginqua
487 959 594 1021 itinera
615 959 716 1041 paffim
737 959 932 1037 incurrerent,
956 978 1010 1027 aut

170 1044 201 1106 in
214 1044 368 1129 Paganos,
390 1059 425 1106 ut
439 1045 470 1105 in
485 1042 555 1106 Sina
571 1043 601 1105 dc
611 1042 753 1117 Guinea;
777 1057 829 1107 aut
843 1045 875 1107 in
890 1044 1008 1110 Mahu·

169 1130 315 1206 metistas,
337 1145 372 1192 ut
383 1129 434 1191 sub
449 1128 574 1211 imperio
586 1127 714 1204 Turcae,
729 1127 835 1206 Persae,
851 1130 882 1193 dc
893 1130 1009 1197 Poeno-

166 1236 253 1289 rum;
285 1231 352 1277 tum
371 1237 444 1277 vero
462 1212 599 1295 Judaeos,
630 1213 758 1294 &ipsos
779 1217 843 1300 jam
862 1214 1008 1279 Christia-

167 1296 255 1362 nilmi
268 1298 410 1382 professos
425 1298 535 1373 hostes,
556 1297 697 1380 dispersos
712 1321 764 1379 per
777 1302 924 1362 maximas
940 1324 1008 1384 pate

165 1402 212 1449 tes
239 1400 386 1448 terrarum
408 1384 507 1447 orbis:
544 1383 657 1466 Neque
680 1381 775 1445 deesse
800 1385 919 1465 impios,
956 1388 1009 1469 qui

166 1471 305 1534 abditum
320 1485 404 1532 metu
418 1490 582 1544 venenum,
605 1490 644 1530 ex
655 1467 824 1544 occasione,
846 1470 925 1550 apud
939 1467 1008 1534 sim·

165 1557 262 1641 plices
277 1556 427 1637 prodant:
449 1555 605 1616 adversum
626 1576 695 1636 quae
718 1554 798 1616 mala
820 1570 925 1636 optare
947 1579 1008 1633 me,

164 1658 201 1704 ut
216 1641 418 1707 moremati
433 1638 490 1702 sint
503 1638 661 1714 nostrates,
684 1639 713 1701 δι
728 1641 779 1721 qui
795 1641 917 1725 ingenio
932 1664 1008 1724 prae·

163 1727 257 1802 stant,
280 1727 457 1789 incumbant
472 1745 526 1807 pro
540 1723 618 1785 virili
639 1724 825 1789 revincendis
847 1728 1008 1805 erroribus,

165 1815 271 1875 &uteri
287 1811 391 1876 saltem
405 1811 435 1872 id
449 1823 589 1886 caveant,
611 1830 650 1872 ne
665 1809 702 1871 ab
716 1809 781 1874 aliis
796 1810 964 1876 vincantur.

449 1979 469 2067 §
482 1978 525 2045 Π.
547 1979 647 2045 Deum
660 1979 720 2065 effe.

210 2101 260 2164 Ac
275 2102 372 2184 primo
387 2102 509 2185 quidem
523 2099 613 2176 libro,
636 2116 671 2162 ut
685 2097 839 2163 ostendam
863 2123 926 2164 non
953 2101 1008 2167 effe

162 2209 232 2251 rem
248 2188 368 2249 inanem
383 2186 572 2272 religionem,
596 2186 634 2246 ab
658 2187 721 2271 ejus
745 2185 942 2249 fundamento
957 2210 1007 2250 or·

164 2273 253 2346 dior;
276 2271 357 2355 quod
379 2270 433 2348 est,
455 2271 585 2334 Numen
600 2270 656 2331 ess'e
671 2269 803 2351 aliquod·
847 2270 883 2333 Id
906 2289 1008 2336 autem

163 2357 292 2438 probare
307 2355 346 2419 sic
361 2357 529 2441 aggredior.
575 2354 637 2417 Res
654 2353 768 2440 aliquas
783 2353 851 2432 else,
873 2380 942 2439 quae
952 2356 1009 2420 ell'e

164 2442 327 2522 coeperint,
339 2442 421 2504 sensu
430 2441 530 2523 ipso&
542 2440 722 2519 confeffione
731 2441 868 2503 omnium
880 2442 1006 2506 constat.

163 2524 223 2587 Eae
238 2542 338 2589 autem
359 2550 404 2589 res
427 2526 478 2588 fibi
501 2547 564 2588 non
587 2526 710 2587 fuerunt
730 2525 819 2587 causa
841 2542 875 2587 ut
896 2526 1005 2590 ell'e'nt:

162 2633 239 2674 nam
262 2611 343 2695 quod
365 2632 429 2673 non
451 2610 505 2687 est,
528 2632 617 2695 agere
642 2631 705 2674 non
728 2609 842 2691 potest3
866 2633 922 2674 nec
948 2614 1008 2698 ipsa

161 2718 213 2759 res
235 2695 292 2760 elle
311 2697 421 2779 potuit,
444 2712 608 2778 antequam
623 2693 716 2757 effet,
749 2694 889 2778 Sequitur
899 2698 1006 2782 igitur,

162 2796 199 2844 ut
214 2782 334 2844 aliunde
348 2781 508 2845 habuerint
521 2782 563 2844 sui
578 2782 622 2843 ori
645 2781 745 2843 inem:
769 2783 849 2863 quod
862 2805 924 2846 non
937 2801 1005 2848 tan-

161 2882 233 2931 tum
247 2867 285 2929 de
295 2866 354 2928 illis
369 2866 469 2942 rebus,
491 2888 568 2949 quas
582 2803 644 2949 ipli
651 2881 703 2927 aut
717 2868 928 2950 conspicimus,
952 2883 1006 2933 aut

160 2953 387 3036 conspeximus,
409 2951 565 3016 fatendum
580 2950 622 3013 est
629 2978 639 3026 3
662 2950 709 3013 sed
736 2950 766 3013 δι
791 2953 828 3016 de
854 2954 901 3032 iis,
924 2956 1005 3017 unde

141 3035 225 3100 ‘sslae
244 3051 346 3100 ortum
368 3038 492 3114 habent,
513 3047 530 3082 ²
544 3036 641 3101 donec
662 3036 793 3102 tandem.
810 3039 846 3102 ad
870 3039 1005 3121 aliquam

334 3185 336 3188 .
537 3150 539 3156 ·
882 3124 1002 3187 causam

194 3285 209 3320 ι
226 3271 298 3318 Donec
313 3270 407 3331 tandem,
423 3270 482 3337 dec]
507 3273 568 3329 Quia
599 3282 662 3331 r'um,
676 3285 727 3335 quae
736 3282 859 3336 ceperunt,
872 3282 913 3320 aut
920 3272 999 3338 nullm

156 3335 209 3383 dari
224 3349 280 3397 ,non
298 3337 371 3399 potest
390 3337 519 3399 progreffiq
539 3348 568 3384 ut
599 3338 617 3395 fi
632 3354 685 3400 quae
702 3338 731 3384 fit
749 3339 822 3399 prima
840 3337 915 3397 eausa,
937 3339 1001 3386 Deus

156 3396 301 3460 loquuntur,
325 3401 349 3447 in
367 3400 494 3449 infinitum.
528 3401 567 3449 Est
598 3401 646 3465 est3
674 3401 762 3448 srulla
782 3399 854 3456 prima
873 3402 938 3449 causa
957 3404 1001 3450 esse

157 3464 225 3516 enim
245 3463 312 3514 causa
330 3464 407 3529 aliqua
426 3465 509 3532 prima,
526 3481 566 3514 eo·
598 3476 703 3529 negetur,
720 3463 834 3526 oportebit
851 3465 940 3512 nullam
957 3466 1001 3514 else

158 3534 165 3545 “
260 3549 266 3555 ·
563 3532 621 3580 Μ
905 3530 1001 3580 omnino

970 3619 1031 3681 A
