2325 4050
153 250 198 331 ’μ
290 236 852 317 H,·Grorrosorvr·r<1o.

161 427 166 435 .
264 362 376 448 §XX.
400 361 479 445 Saepe
492 359 535 421 ita
550 373 581 421 ut
594 361 788 444 opprimantur
803 359 913 422 boon·
987 360 995 407 '-

196 482 294 566 Qiod
314 480 336 544 st
357 477 480 563 quando
499 477 587 540 nulla
606 493 750 560 apparent
766 475 911 539 scelerum
926 477 995 560 sup-¹¹

154 568 258 649 plicia,
278 566 320 641 &,
342 563 424 647 quod
439 562 554 624 multos
574 561 709 624 infirmos
732 560 806 641 solet
830 560 995 638 offendere,

154 654 227 715 boni
249 642 383 735 quidam,
414 647 565 710 malorum
592 646 735 710 violentia
760 649 898 726 oppressi,
932 667 995 709 nou

154 738 248 799 vitam
269 733 362 797 modo
385 747 481 816 agunt
503 732 714 808 aerumnosam,
738 731 785 792 sed
810 730 840 793 &
866 740 996 795 mortem

153 822 231 902 saepe
242 818 382 895 subeunt,
405 815 570 899 &quidem
581 816 742 878 infamem:
767 837 829 878 non
842 816 909 879 ideo
923 838 996 880 mox

154 903 289 967 tollenda
318 901 361 964 est
382 903 404 964 ri
432 901 519 964 rebus
545 901 685 962 humanis
712 899 774 963 Dei
798 901 996 981 providentia,

154 1011 224 1072 quae
236 1003 300 1051 tam
314 973 432 1062 validis,
456 1002 491 1048 ut
500 988 565 1071 jam
577 986 722 1062 diximus,
744 987 929 1068 argumentis
941 983 998 1047 csse

155 1072 320 1136 ostenditur
327 1098 336 1147 3
360 1072 408 1134 sed
423 1071 537 1153 potius,
559 1080 661 1135 ²cum
680 1070 892 1154 sapientissimis
915 1070 998 1148 viris,

157 1157 200 1222 ita
214 1156 423 1243 colligendum
436 1154 488 1218 est.
589 1192 593 1199 ·
884 1159 887 1162 ’
994 1168 997 1173 ⁴

155 1324 286 1418 §XXL
311 1324 560 1409 Retorquetur'hoc
575 1326 587 1388 ι’
596 1325 674 1413 firm,
695 1327 920 1409 adprobandum
932 1321 1001 1390 om‘4

180 1430 183 1439 ¹
384 1432 439 1475 mos
452 1410 554 1496 fiopore
576 1410 771 1496 (corporibus.

203 1533 288 1598 Cum
301 1532 389 1596 Deus
404 1546 489 1593 curet
504 1529 636 1592 actiones
658 1529 829 1605 hominum,
853 1526 1002 1612 'ustusque

160 1617 208 1693 sit,
229 1619 259 1680 to
273 1615 328 1679 ista
340 1615 460 1676 interim
471 1613 558 1688 fiant,
578 1613 810 1695 exspesiandum
822 1552 863 1674 esi
878 1613 1002 1696 aliquod

159 1699 318 1782 posthanc
332 1699 426 1761 vitam
440 1698 591 1784 judicium
599 1723 609 1772 3
632 1720 672 1760 ne
684 1714 737 1760 aut
748 1695 870 1782 insignis
886 1699 1002 1779 impro-

160 1785 237 1856 bitas
263 1783 323 1846 sine
347 1804 451 1865 poena,
484 1797 538 1847 aut
560 1803 674 1866 magna
695 1783 789 1847 virtus
813 1781 873 1846 stne
896 1783 1004 1847 solatio

81 1939 94 1952 ³
160 1868 349 1965 praemioque
363 1882 538 1964 maneat,
597 1928 601 1935 ,
903 1920 906 1924 ,

268 2037 289 2124 §
304 2037 412 2103 XXII.
436 2037 527 2133 Quod
538 2040 719 2128 confirmator
733 2038 894 2104 traditione.

170 2181 185 2192 ··
206 2150 299 2217 ³Hoc
313 2169 416 2218 autem
429 2167 464 2216 ut
477 2150 655 2230 statuamus,
678 2155 770 2217 etiam
785 2153 900 2215 animos
916 2153 1004 2235 supe·

164 2236 236 2300 'resse
253 2240 426 2320 corporibus
448 2238 536 2302 statui
558 2238 673 2303 necesse
695 2238 752 2301 est:
776 2260 845 2321 quae
860 2239 1004 2320 antiquis·

164 2319 370 2385 simatraditio
382 2323 399 2383 a
411 2325 513 2403 primis
529 2325 625 2406 (unde
634 2326 715 2387 enim
723 2323 835 2406 alioqui
844 2320 871 2405 i)
896 2343 1004 2404 paren·

164 2402 244 2463 tibus
257 2405 293 2464 ad
309 2406 438 2486 populos
452 2411 628 2490 moratiochs
640 2430 717 2489 pene
731 2429 837 2470 omnes
852 2409 1004 2483 manavit;

164 2500 201 2570 ut
214 2492 230 2533 ⁴
244 2507 284 2550 ex
298 2488 426 2552 Homeri
444 2492 626 2554 carminibus
650 2506 783 2574 apparet,
806 2491 836 2554 &
852 2497 863 2539 ⁵
879 2516 917 2553 ex
932 2492 1005 2554 Phi-

873 2576 1005 2658 losophis

197 2734 212 2765 2
222 2717 520 2785 Cumfapo‘ento'ffiono‘rvo'ro's.]
533 2723 568 2767 Ut
599 2720 682 2780 legere,
704 2730 805 2768 recurrat
824 2724 850 2767 ad
871 2721 1022 2782 Chrys0st0·'

131 2828 133 2832 ,
164 2780 259 2839 Stoicis,
287 2786 314 2830 de
337 2799 434 2845 quorum
447 2782 568 2830 -sententia
600 2795 665 2831 mum
678 2785 798 2846 atiaCor.
811 2787 868 2844 Cap.
880 2800 963 2833 xviri.
982 2789 1006 2834 in

163 2845 322 2893 videSenecom
342 2850 366 2895 in
382 2848 450 2895 Libro
468 2850 497 2895 de
509 2848 568 2895 Pro·
601 2848 694 2907 Emito,
710 2849 1005 2895 eundemTomovr.con·

163 2909 273 2967 videntia,
301 2911 384 2959 δι’Μ.
407 2918 465 2959 Aoo.
484 2912 571 2960 Mureti
602 2922 638 2960 tre
651 2908 763 2973 eosquii
783 2910 924 2966 damonibus
939 2914 1006 2975 ajunt

165 2975 194 3019 as
211 2987 265 3021 eum
282 2974 449 3035 praefationem.
484 2977 531 3025 Adi
546 2981 569 3023 δι
601 2992 637 3025 res
658 2976 770 3024 humanas
797 2974 954 3032 administrari,
982 2981 1005 3023 δι

165 3036 336 3086 Differtstionet
365 3040 487 3087 Arrianae
512 3041 570 3105 Epi·
602 3052 684 3104 quarto
697 3045 803 3088 Sermone
814 3042 842 3085 de
850 3039 1006 3088 Providentia·

166 3103 226 3152 eoi.
257 3102 358 3150 ciericos.
632 3104 1007 3169 4ExHomerirarmo'no'butoppa·

201 3182 213 3227 3
241 3168 286 3213 Hoc
306 3179 376 3215 aurem
397 3179 422 3215 rot
443 3167 569 3230 statuamus,
602 3168 657 3233 ron]
677 3170 780 3216 Maxime
791 3169 816 3214 in
831 3184 857 3215 ea
877 3179 940 3231 parte
955 3171 1007 3229 quae

167 3230 230 3280 teiam
243 3231 322 3278 animos
333 3230 353 3293 s
377 3231 437 3296 roff
453 3231 570 3297 corporfflos
602 3234 670 3281 νυιυΐι
685 3234 777 3293 dicitur,
793 3235 831 3280 cui
849 3235 899 3280 addi
916 3233 1007 3295 possunt

160 3292 231 3354 florui
242 3243 376 3406 '‘“ffifflii
389 3296 435 3359 Qi
446 3310 572 3356 arguissem·
602 3298 686 3344 fimiles
704 3298 779 3345 otiosos
797 3299 856 3359 apud
870 3296 1006 3356 Virgilium,

167 3364 220 3405 tum
234 3356 279 3404 hoc
291 3357 316 3406 su
335 3374 360 3407 ut
371 3361 496 3410 vastatum
507 3360 570 3411 volet
602 3361 711 3413 Senecam
735 3364 760 3411 in
782 3362 908 3426 Oedipode,
931 3362 1007 3408 Luca·

188 3443 194 3449 ·
937 3438 1004 3486 num,
