2325 4050
232 281 300 351 aot
343 279 983 364 J.Crrnrcrorsaroannn

233 401 459 477 damnantibus,
481 418 571 483 atque
586 401 604 462 ὲ
618 401 747 464 coetibus
762 402 847 464 ferali
864 406 945 467 odio
960 409 1081 487 proscri-

229 489 393 561 .bentibus;
416 509 521 549 eorum
537 485 592 571 ulli
614 485 674 548 stne
694 488 834 549 examine
849 490 1017 565 adsentiri,
1038 510 1081 553 aut

232 575 351 658 exejus
366 571 507 646 formula,
528 593 720 654 nequaquam
734 574 878 653 expensa,
906 576 990 638 alios
1003 579 1080 638 dam-

232 680 318 733 nare,
340 679 403 721 non
425 656 623 736 imprudentis
638 671 770 732 tantum,
793 658 840 719 sed
859 662 962 722 etiam
980 664 1079 742 praeci·

233 743 302 825 pitis
327 742 356 804 δι
380 742 473 823 iniqui
494 739 565 802 effet
588 742 728 803 hominis.
773 740 893 819 Coetus
908 747 968 826 qui
985 769 1078 809 veram

220 829 315 891 ollam
345 826 550 909 Religionem,
589 828 675 910 cujus
699 824 948 891 delineationem
983 832 1078 894 animo

228 911 383 991 concepit,
398 910 444 973 vel
458 911 567 992 partim
579 913 723 996 rejiceret,
739 912 988 998 credentemque
1000 919 1078 979 dam·

228 1011 328 1071 naret,
350 1018 413 1057 non
428 994 521 1077 pollet
540 996 577 1057 ab
601 1018 638 1057 eo
652 1018 705 1076 per
718 996 821 1058 omnia
832 1019 913 1060 vere
929 999 1077 1063 Christia-

228 1106 287 1147 nus
301 1081 416 1154 haberi,
437 1102 494 1142 nec
514 1081 673 1161 impetrare
692 1096 726 1142 ut
740 1081 859 1162 quosvis
875 1085 940 1165 ipse
957 1109 1077 1170 quoque

227 1169 397 1242 danmaret,
417 1187 494 1248 quos
514 1165 714 1241 damnandos,
736 1167 967 1252 ejiciendosque
992 1174 1076 1236 coeti-

225 1254 285 1316 bus
308 1249 546 1315 Christianorum
566 1249 699 1312 Ecclesia
722 1250 773 1312 illa
796 1253 946 1319 censeret.
999 1256 1076 1343 Ergo

227 1337 403 1412 videndum,
426 1351 496 1397 ante
509 1335 625 1410 omnia,
648 1335 702 1410 est,
725 1337 840 1398 homini
862 1341 1029 1421 prudenti,
1051 1345 1076 1406 &

224 1447 329 1507 aequo,
352 1425 384 1485 in
398 1422 445 1484 his
458 1419 697 1482 Christianorum
711 1421 840 1497 dissidiis,
862 1426 1004 1505 quinam
1027 1428 1077 1491 sint

225 1510 328 1573 sanelo
350 1505 576 1588 Discipulorum
602 1502 713 1567 Christi
742 1507 865 1569 nomine
898 1510 1075 1595 digniffimi,

226 1595 319 1677 iisque
333 1590 556 1656 adhaerendum.

227 1722 229 1729 ι
270 1678 301 1741 Si
324 1679 390 1761 quis
410 1692 526 1758 quarat
540 1676 613 1756 quid
628 1673 709 1751 effet,
732 1697 770 1737 ex
786 1673 967 1759 Religionis
986 1682 1077 1747 Chri·

226 1763 328 1827 stianae
340 1764 369 1824 in
393 1761 475 1835 enio,
498 1761 682 1835 faciendum,
706 1758 843 1822 finullus
859 1768 1001 1830 omnino
1014 1792 1077 1843 coe-

225 1864 275 1910 tus
291 1784 475 1909 Chriliianus
496 1843 583 1918 effet;
608 1845 685 1925 apud
709 1867 801 1928 quem
822 1846 987 1914 videretur
1011 1878 1078 1918 vera

225 1931 338 1995 Christi
352 1931 488 1994 doctrina
502 1929 601 2011 palam
617 1931 729 2005 doceri,
752 1928 876 2011 &apud
894 1956 996 2016 quem
1017 1962 1078 2003 non

225 2020 431 2100 imponeretur
453 2016 604 2078 neceffitas
627 2014 777 2099 dogmatis
799 2017 974 2101 cujuspiam
989 2026 1078 2088 dam.

225 2104 330 2179 nandi,
352 2102 434 2188 quod
445 2123 549 2164 verum
559 2100 786 2186 judicass'emus3
809 2115 877 2162 tum
891 2126 971 2168 vero
985 2133 1077 2192 opera

225 2188 296 2251 effet
310 2189 407 2250 danda
419 2188 459 2263 ei,
481 2187 533 2269 qui
548 2207 660 2247 errores
673 2183 921 2266 deprehendillet‚
946 2209 986 2254 ut
1003 2197 1077 2259 alios

227 2274 265 2336 ab
280 2275 315 2337 iis
330 2287 483 2335 revocaret
490 2296 500 2344 3
523 2272 635 2353 quain
657 2292 701 2344 re,
725 2276 811 2332 ¹una
832 2292 908 2335 cum
932 2282 1077 2344 maximo

226 2359 369 2434 candore,
402 2359 517 2419 summa
542 2355 699 2436 prudentia
724 2354 809 2418 simul
836 2377 872 2417 ac
901 2362 1080 2432 constantia

226 2442 319 2506 ellent
333 2439 525 2515 adhibendae3
549 2462 588 2501 ne
607 2441 744 2502 homines
762 2439 822 2502 sme
841 2442 949 2509 fructu
974 2449 1078 2515 offen·

225 2529 379 2605 deteritur,
403 2542 455 2589 aut
467 2526 554 2586 nimis
565 2527 626 2586 cito
642 2526 678 2586 de
692 2527 726 2587 iis
739 2526 775 2587 ad
790 2526 953 2593 veritatem
965 2538 1079 2599 mode.

227 2616 413 2676 rationemve
428 2610 609 2672 adducendis
630 2612 692 2690 spes
715 2611 901 2695 abjiceretur.
951 2616 1078 2685 Interea

228 2699 391 2779 prudenter
415 2696 445 2758 δι
470 2694 602 2758 modeste
624 2694 693 2756 ell'et
720 2695 880 2757 dicendum
906 2705 1007 2782 quod¹
1025 2731 1079 2790 pso

228 2804 300 2845 vero
315 2784 484 2856 haberetur,
505 2803 562 2843 nec
585 2780 771 2862 damnandus
795 2782 956 2863 quisquam
983 2787 1078 2870 foret,

228 2889 268 2932 cx
280 2868 378 2929 alieno
390 2867 523 2954 arbitrio,
545 2864 627 2949 quast
641 2888 739 2929 errore
752 2865 894 2942 infectus,
919 2872 977 2954 qui
996 2879 1078 2942 recle

264 3029 275 3062 t
293 3015 341 3061 Una
360 3029 405 3059 rum
424 3013 514 3059 maximo
534 3010 629 3070 candore,
661 3013 691 3059 fic
706 3014 827 3073 prudentes
843 3025 872 3058 ne
882 3012 964 3063 callidi
978 3020 1077 3080 fiamus,

229 3078 290 3142 δια]
314 3080 358 3124 Hic
380 3077 442 3123 locus
463 3076 495 3121 est
517 3086 629 3135 praecepto
662 3077 717 3123 &in
729 3078 847 3122 candorem
859 3092 996 3137 peccemus,
1049 3104 1077 3134 ua

228 3143 312 3189 Christi
322 3141 402 3189 Mutth
415 3157 440 3189 x.
455 3141 492 3188 16.
506 3154 550 3200 quo
560 3138 628 3199 jube·
661 3139 684 3187 in
697 3157 719 3186 re
731 3140 795 3201 pauci
807 3140 867 3198 sunt,
884 3143 925 3199 qui
939 3160 983 3205 per
996 3165 1077 3200 omma

226 3221 282 3254 mur
293 3207 406 3270 prudenter
417 3205 454 3267 effi
464 3204 529 3268 instar
537 3201 626 3312 [erpan-
661 3206 761 3250 medium
775 3204 833 3251 inter
845 3206 963 3264 oppositos
982 3214 1019 3262 im
1038 3233 1076 3262 m.

227 3268 536 3333 tium,smplicerinstarcolum
550 3284 626 3328 arum3
659 3270 741 3316 dentiae
764 3273 784 3315 δι
807 3267 943 3319 calliditatis
965 3275 1008 3326 sco
1026 3277 1075 3328 ulos

227 3330 272 3378 hoc
290 3334 329 3390 est,
347 3336 379 3379 ita
397 3333 506 3394 simplices
523 3331 574 3390 elle,
598 3347 627 3377 ne
648 3332 749 3382 ¹cursum
761 3332 938 3384 tenerenorint.

103 3394 456 3660 &imprudentiam
477 3396 624 3445 delabamurt
814 3454 820 3462 ,
859 3456 875 3464 ..
921 3459 940 3465 ..
985 3406 1043 3534 ss

276 3513 279 3520 .
300 3513 305 3520 .
597 3527 609 3536 ,,
641 3527 645 3532 .
668 3527 678 3535 .
1019 3493 1072 3535 en·
