2325 4050
151 328 214 417 298
263 329 294 414 J.
317 326 480 393 Cannici
503 338 657 391 coum
680 326 916 397 Inmnnen.
1051 175 1061 413 i

154 452 265 538 gionis‚
295 449 329 509 in
347 445 524 509 Proceribus
544 442 721 525 prasertim,
756 444 855 510 fuiffe
877 448 1019 512 mutatio-

155 561 232 602 num
247 555 311 599 tam
325 531 528 615 frequentium
543 529 645 591 causas
660 529 854 608 potiffimas.

160 729 252 819 §HL
277 730 342 793 Indi
368 725 504 789 arentiam
520 724 741 825 Religionisff
757 742 884 792 natura
893 729 954 815 sua
964 726 1015 791 illi-

206 818 303 887 citam,
355 812 438 893 gibus
462 812 571 874 divinis
596 811 692 873 vetari
715 827 806 894 atque
831 817 876 878 ab
903 816 1017 878 omnibus

208 899 434 982 Chrssinnorum
449 895 537 959 Sebiis
552 897 694 961 damnari.

177 1012 457 1091 ‘hammon-en
482 1025 593 1087 habere
615 1047 744 1087 numero
769 1047 887 1090 earum
913 1051 1025 1102 rerum,-

191 1137 238 1176 uae
254 1113 360 1174 mediae
376 1112 444 1173 sunt
458 1127 585 1186 naturae,
608 1111 649 1173 ita
664 1126 699 1172 ut
718 1132 789 1174 eam
812 1130 956 1192 mutare,
979 1116 1018 1176 in·

168 1138 379 1272 investium,
402 1213 454 1259 aut
475 1211 555 1257 certe
578 1194 708 1276 profiteri
732 1194 763 1258 δι
791 1221 874 1260 mox
900 1221 1021 1284 negare,

172 1282 261 1368 prout
283 1298 420 1364 tempora
441 1281 578 1364 poscunt,
608 1281 709 1355 liceat,
740 1284 961 1364 graviffimum
981 1306 1022 1346 er·

172 1393 275 1433 rorum
286 1367 342 1430 effe
354 1367 459 1429 multae
469 1367 598 1428 rationes
610 1364 792 1441 ostendunt3
817 1383 960 1451 quarum
971 1371 1021 1430 ali-

172 1472 249 1540 quot
271 1454 288 1516 ὲ
310 1453 466 1536 praecipuis
482 1451 677 1533 proferemus,
700 1449 849 1514 deductas
876 1453 895 1516 ὲ
919 1471 1024 1517 natura

173 1541 228 1615 rei,
258 1538 277 1600 ὲ
301 1537 419 1623 legibus
442 1536 564 1612 divinis,
597 1558 673 1619 eque
699 1536 843 1600 omnium
868 1536 1026 1604 Gentium

174 1623 413 1687 Christianarum
423 1621 575 1685 consensu.

218 1709 354 1770 Primum
365 1725 452 1788 turpe
464 1706 506 1768 est
517 1707 649 1781 mentiri,
672 1705 702 1767 in
716 1727 747 1766 re
762 1707 935 1787 praesertim
952 1710 1026 1772 tanti

175 1794 335 1865 momenti,
365 1813 437 1851 cum
462 1814 501 1853 ne
527 1792 558 1852 in
583 1791 744 1853 levioribus
766 1792 897 1873 quidem
923 1796 1029 1871 liceat,

177 1877 229 1940 nih
243 1878 320 1940 forte
336 1875 493 1937 mendacio
508 1874 576 1957 plus
592 1874 748 1958 prosimus,
772 1897 871 1958 quam
882 1881 1024 1943 veritate.

178 1963 236 2026 Sed
260 1964 290 2026 in
309 1964 369 2025 hoc
391 1961 515 2046 negotio
530 1957 726 2044 nonpoisunt
739 1962 884 2025 homines
901 1966 1025 2028 mentiri

178 2051 346 2113 autetiam
372 2046 562 2122 dissimulare,
597 2047 657 2110 sine
684 2047 767 2131 gravi
793 2068 899 2124 noxa3
940 2073 1030 2127 cum,

177 2135 278 2221 quoad
291 2133 332 2195 est
347 2132 447 2195 inillis
462 2131 563 2208 situm,
586 2130 785 2195 Mendacium
797 2132 828 2193 in
841 2156 875 2195 re
886 2138 1028 2199 maxima

178 2218 402 2296 consument&
417 2217 586 2280 Veritatem
601 2219 628 2279 ei
643 2216 824 2279 contrariam
846 2222 1031 2300 opprimant

180 2321 270 2387 atque
285 2305 402 2367 aeternis
419 2302 548 2366 tenebris
562 2303 715 2364 damnent.
760 2301 880 2364 Pessimi
901 2304 947 2367 est
971 2328 1028 2369 ex·

179 2389 283 2471 empti,
306 2387 466 2469 prasertim
480 2390 511 2450 in
534 2388 603 2449 viris
627 2387 663 2449 ad
686 2385 818 2469 aliquam
838 2387 1028 2472 dignitatem

180 2476 302 2551 evodiis,
325 2496 401 2556 quos
416 2473 562 2536 inferioris
573 2472 656 2535 sortis
673 2473 810 2534 homines
825 2473 918 2537 nimis
934 2476 1033 2539 facile

182 2562 353 2632 imitantur3
377 2582 438 2641 quo
452 2559 544 2620 modo
558 2556 592 2618 fit
612 2573 647 2619 ut
666 2579 729 2619 non
752 2555 846 2618 solum
872 2559 925 2642 ipsi
951 2585 1027 2643 pec-

182 2662 265 2719 cent,
288 2646 335 2706 sed
350 2646 439 2706 etiam
455 2644 529 2707 alios
545 2643 581 2703 ad
597 2642 782 2723 peccandum
797 2642 952 2707 adducant
969 2670 1028 2709 ex·

183 2730 296 2810 enipio,
319 2752 380 2811 quo
395 2729 468 2791 nihil
485 2729 526 2790 est
540 2728 620 2809 apud
642 2728 800 2790 hominum
823 2727 935 2813 vulgus
957 2734 1027 2793 effi-

182 2816 302 2888 cacius3
326 2815 395 2896 quia
407 2816 505 2876 multo
517 2815 613 2898 magis
625 2814 654 2875 id
665 2812 746 2897 quod
757 2813 873 2876 faciunt
887 2816 921 2891 ii,
944 2838 1027 2899 quos

183 2903 301 2963 summo
315 2900 429 2960 honore
443 2899 674 2981 prosequuntur,
696 2898 885 2983 quamquod
901 2901 1026 2979 dicunt,

185 2985 356 3048 adtendant.

229 3072 337 3151 Turpe
352 3069 442 3132 etiam
457 3065 498 3128 est
509 3065 540 3128 ὅτ
553 3070 618 3131 viro
633 3069 702 3131 forti
717 3070 832 3151 prorsus
847 3068 1028 3152 indignum,

185 3171 306 3238 propter
320 3156 441 3218 brevem
455 3153 570 3215 hancce
591 3155 698 3230 vitam,
721 3155 853 3231 mentiri,
876 3155 906 3217 δι
930 3155 1026 3219 malle

187 3240 269 3316 Deo,
292 3264 384 3322 quam
398 3239 570 3303 hominibus
590 3239 751 3321 displicere.
796 3240 929 3323 Ideoque
945 3262 1026 3321 prae-

186 3327 340 3388 iiantiores
356 3325 525 3408 Philosophi
545 3324 718 3387 maluerunt
737 3341 827 3387 certae
849 3327 942 3388 morti
966 3326 1026 3387 sese

185 3432 347 3493 exponere,
370 3434 462 3494 quani
476 3411 557 3495 quod
569 3409 712 3489 Nummi,
735 3426 770 3482 ut
784 3411 1027 3559 putabannldif-

928 3519 1025 3579 pice·
