2325 4050
230 280 233 284 ’
302 279 643 359 Seureur'ia
681 292 867 358 Lmen.
943 312 1003 382 271

167 412 245 494 apud
265 434 371 476 omnes
386 410 585 487 Christianos,
607 410 663 473 effe
689 412 855 474 dodlrinam
876 410 1007 485 Chrilliq

168 499 227 559 hoc
242 498 295 574 est,
319 521 400 581 quae,
423 520 462 559 ex
477 496 717 559 Christianorum
733 499 872 559 omnium
887 499 1006 560 senten-

168 584 220 660 tia,
255 599 307 645 aut
332 583 442 645 diserte.
461 583 590 645 habetur
616 583 647 643 in
668 581 767 644 Libris
789 582 875 645 Novi
895 582 1007 645 Tella-

167 670 275 744 menti,
298 683 351 731 aut
365 666 523 731 necellaria
540 668 752 750 consequentia
766 689 805 729 ex
821 668 855 729 iis
871 668 938 731 solis
953 669 1007 729 de-

168 752 296 815 ducitur.
334 751 386 815 De
399 753 604 837 dogmatibus,
620 772 701 835 quae,
715 768 751 813 ut
762 753 903 815 nonnulli
914 752 1006 817 Cliti-

167 836 331 900 stianorum
347 852 466 919 putant,
489 860 541 900 ore
563 838 582 899 ὲ
602 836 723 899 Christo
744 837 775 900 δι
797 837 834 898 ab
853 838 1008 919 Apostolis

168 924 287 999 tradita,
301 924 348 1004 *ad
372 922 502 1005 posteros
526 921 584 985 alia
606 922 655 984 via
676 938 892 1004 pervenerunt3
915 924 1007 985 nimi·
1048 922 1050 929 '
1076 957 1078 961 ·

167 1029 248 1084 rum,
270 1008 467 1084 institutione,
490 1031 558 1090 quae
569 1029 646 1069 voce
659 1006 779 1069 tantum
790 1007 870 1069 fadta
881 1006 934 1083 est,
954 1025 1009 1070 aut

167 1115 237 1174 quae
251 1096 309 1155 ritu
326 1095 469 1176 quopiam
483 1093 668 1169 conservata,
691 1107 726 1154 ut
739 1092 858 1168 volunt,
882 1113 938 1154 nec
953 1092 1007 1155 nist

160 1178 231 1240 ,sero
243 1180 355 1260 scriptis
369 1177 511 1245 mandata
526 1178 594 1239 sunt
600 1203 610 1252 3
634 1177 754 1238 nullum
770 1178 849 1239 aliud
864 1179 913 1240 hic
924 1180 1007 1264 judi-

168 1263 251 1340 cium
265 1266 371 1337 feram,
394 1260 447 1324 nisi
470 1263 507 1324 de
529 1264 564 1324 iis
579 1285 643 1325 non
657 1263 783 1345 liquere,
807 1264 886 1344 apud
901 1285 1008 1337 omnes

168 1348 368 1424 Christianos,
392 1347 650 1438 quemadmodum
673 1347 710 1408 de
724 1345 823 1409 Libris
838 1348 923 1410 Novi
938 1348 1007 1410 Te-

161 1432 305 1496 -stamenti
319 1432 444 1495 constat.
489 1430 566 1495 Non
589 1433 687 1494 dicam
710 1432 782 1493 falsa
804 1454 841 1494 ea
863 1432 932 1510 elle,
954 1433 1008 1495 nist

157 1538 239 1581 cum
251 1516 332 1580 redta
342 1513 487 1594 Ratione,
503 1533 556 1579 aut
567 1515 767 1581 Revelatione
782 1517 936 1603 pugnent,
959 1519 1008 1581 sed

159 1614 288 1666 tantum
308 1601 472 1665 decorum
494 1600 611 1687 origine
631 1624 696 1665 non
709 1601 856 1679 constare,
877 1604 1007 1687 ideoque

160 1686 224 1750 ‘elle
249 1689 286 1750 de
311 1687 346 1749 iis
371 1689 449 1750 inter
475 1686 662 1752 Christianos
688 1687 922 1765 controversiam
952 1690 1008 1772 qui

160 1774 320 1858 ceteroqui
347 1772 387 1834 de
414 1772 455 1836 do
509 1770 608 1836 atibus
634 1771 838 1850 tonstrinum,
872 1789 1008 1857 qnorum

163 1860 325 1923 veritatem
339 1856 450 1921 demon
475 1859 552 1922 ravit
560 1856 754 1928 ‘Gnorru'n
798 1858 886 1922 Dum
903 1876 1006 1922 aurem

161 1944 321 2028 quidpiam
334 1944 483 2007 incertum
497 1944 584 2007 nobis
598 1940 728 2022 vide'tu'r,
750 1952 814 2007 ⁴eo
829 1944 911 2028 quasi
922 1959 1008 2007 certo

159 2031 235 2106 niti,
258 2032 288 2093 in
304 2030 391 2093 rebus
405 2029 568 2112 praesertim
589 2032 694 2116 magnl
708 2029 869 2112 momenti,
891 2031 1007 2096 nemini

166 2115 288 2198 sapienti
303 2115 488 2198 probaretur.

161 2324 163 2331 ⁴
217 2308 238 2396 ᾗ
251 2308 310 2375 IV.
334 2310 384 2379 D‘e
396 2313 519 2403 ronfenfie
534 2307 569 2376 &l
583 2311 701 2399 diffensu
714 2303 952 2413 Christianorum.

162 2453 166 2460 '
211 2441 393 2530 Qpnmvls
410 2445 563 2508 acerrimae
574 2441 632 2506 lint
642 2445 722 2508 inter
732 2444 919 2510 Christianos
930 2468 1005 2509 con-

162 2528 326 2607 troversiae,
339 2552 442 2615 eaeque
453 2550 567 2614 magno
578 2529 749 2605 animorum
760 2531 832 2608 aestq
843 2535 1008 2617 agitenturs

168 2613 242 2675 adeo
255 2629 288 2678 ut
300 2616 499 2700 undequaque
511 2614 673 2676 audiantur
683 2615 825 2698 querelae,
845 2617 882 2680 de
890 2618 1008 2702 negatis

168 2696 185 2758 a
199 2699 353 2762 nonnullis
366 2700 616 2763 contendentium
625 2699 714 2762 rebus
727 2701 905 2778 manifestis;
929 2717 1007 2764 atta-

161 2802 239 2846 -men
264 2785 404 2868 quaedam
427 2786 502 2848 adeo
525 2783 607 2846 clara
629 2784 708 2862 sunt,
732 2802 767 2848 ut
789 2809 896 2850 omnes
915 2788 952 2850 de
972 2786 1008 2848 ἰὴ

199 2952 265 3014 4Eo
283 2955 344 3017 quast
359 2968 413 3003 certa
431 2956 482 3014 niti,
512 2954 571 3021 δια]
604 2953 862 3021 μῗονῆσυχῖαῄὶποχῆ
920 2953 1012 3017 libuli}

169 3015 221 3062 Hoc
233 3016 306 3078 ipsum
316 3020 348 3064 est
357 3021 416 3080 quod
428 3020 479 3067 vult
487 3021 573 3068 Paulus
604 3022 647 3068 olel
673 3019 763 3074 viz-tn:
788 2972 956 3084 prasianiiffima
980 3018 1009 3082 ql

168 3078 240 3128 Rom.
253 3094 310 3128 xrv.
324 3083 379 3147 23.]
397 3084 435 3130 ubi
445 3085 510 3132 docet
518 3083 575 3148 quod
604 3086 696 3133 vittima
726 3082 916 3132 uiu&cohidirio
929 3081 1011 3144 judicii

169 3144 273 3207 nonqdm
273 3146 321 3207 fide
327 3147 354 3192 id
355 3146 573 3210 peccatumeffe3n2v
605 3149 629 3195 r'n
643 3150 672 3196 r'ir
686 3103 755 3205 reiut,
772 3147 889 3212 dequibus
908 3163 947 3194 non
958 3146 1012 3210 siche

169 3206 190 3252 ll
208 3207 218 3253 ὃ
234 3209 262 3254 ἐκ
280 3208 303 3255 ἐκ
322 3208 405 3265 missac
415 3207 514 3274 hungelt
525 3209 574 3266 ἒςίν.
607 3212 729 3293 quaefdem
735 3212 837 3274 faciant.
869 3211 952 3264 Paullo
963 3211 1012 3272 post

170 3273 209 3318 Ad
221 3288 289 3332 quern
301 3273 378 3320 locum
389 3275 513 3322 adtulimus
523 3291 575 3323 ver·
608 3292 683 3339 ηςεμιι
692 3276 714 3322 ll
723 3278 824 3336 ἀσφαλὴς
832 3273 942 3336 luniso,
954 3277 1014 3339 quies

171 3335 198 3380 ba
211 3336 323 3399 Philonis,
337 3336 574 3400 elrbroreProfugn,
608 3341 690 3402 estium
699 3339 828 3398 intenebris,
845 3339 900 3400 five,
916 3340 957 3386 ubi
967 3344 1015 3387 ndo

171 3400 214 3447 Ed.
231 3400 301 3449 Paris.
321 3417 371 3464 pag.
384 3403 443 3467 4⁶9·
461 3403 529 3468 ἄςιςον
545 3405 606 3528 tuM
612 3404 701 3452 constat
711 3404 766 3468 quid
774 3401 913 3454 laciendum.
