<?xml version="1.0" encoding="UTF-8"?>
<!DOCTYPE html PUBLIC "-//W3C//DTD XHTML 1.0 Transitional//EN"
    "http://www.w3.org/TR/xhtml1/DTD/xhtml1-transitional.dtd">
<html xmlns="http://www.w3.org/1999/xhtml" xml:lang="en" lang="en">
 <head>
  <title>
</title>
<meta http-equiv="Content-Type" content="text/html;charset=utf-8" />
  <meta name='ocr-system' content='tesseract 3.04.00' />
  <meta name='ocr-capabilities' content='ocr_page ocr_carea ocr_par ocr_line ocrx_word'/>
</head>
<body>
  <div class='ocr_page' id='page_1' title='image "./hugogrotiusdeve00clergoog_0299.png"; bbox 0 0 2325 4050; ppageno 0'>
   <div class='ocr_carea' id='block_1_1' title="bbox 301 263 1001 377">
    <p class='ocr_par' dir='ltr' id='par_1_1' title="bbox 301 263 1001 377">
     <span class='ocr_line' id='line_1_1' title="bbox 301 263 1001 377; baseline 0.009 -26"><span class='ocrx_word' id='word_1_1' title='bbox 301 286 865 353; x_wconf 68' lang='lat' dir='ltr'>SennnnnnnLinEm</span> <span class='ocrx_word' id='word_1_2' title='bbox 910 263 1001 377; x_wconf 62' lang='lat'>“291</span> 
     </span>
    </p>
   </div>
   <div class='ocr_carea' id='block_1_2' title="bbox 160 415 1024 930">
    <p class='ocr_par' dir='ltr' id='par_1_2' title="bbox 160 415 1024 930">
     <span class='ocr_line' id='line_1_2' title="bbox 161 415 1002 502; baseline 0.005 -24"><span class='ocrx_word' id='word_1_3' title='bbox 161 416 247 490; x_wconf 82' lang='lat' dir='ltr'>esset3</span> <span class='ocrx_word' id='word_1_4' title='bbox 269 418 344 500; x_wconf 90' lang='lat' dir='ltr'>quin</span> <span class='ocrx_word' id='word_1_5' title='bbox 358 418 386 479; x_wconf 88' lang='lat' dir='ltr'>se</span> <span class='ocrx_word' id='word_1_6' title='bbox 401 415 700 502; x_wconf 73' lang='lat' dir='ltr'>fuissetadjundiurus</span> <span class='ocrx_word' id='word_1_7' title='bbox 712 415 759 492; x_wconf 88' lang='lat' dir='ltr'>iis,</span> <span class='ocrx_word' id='word_1_8' title='bbox 782 417 833 497; x_wconf 89' lang='lat' dir='ltr'>qui</span> <span class='ocrx_word' id='word_1_9' title='bbox 846 421 1002 502; x_wconf 81' lang='lat' dir='ltr'>antiquam</span> 
     </span>
     <span class='ocr_line' id='line_1_3' title="bbox 161 500 1024 583; baseline 0.006 -22"><span class='ocrx_word' id='word_1_10' title='bbox 161 502 321 582; x_wconf 86' lang='lat' dir='ltr'>disciplinae</span> <span class='ocrx_word' id='word_1_11' title='bbox 336 503 466 564; x_wconf 84' lang='lat' dir='ltr'>formam</span> <span class='ocrx_word' id='word_1_12' title='bbox 481 503 654 576; x_wconf 85' lang='lat' dir='ltr'>tuebantur,</span> <span class='ocrx_word' id='word_1_13' title='bbox 677 500 706 562; x_wconf 75' lang='grc' dir='ltr'>δι</span> <span class='ocrx_word' id='word_1_14' title='bbox 728 501 782 583; x_wconf 86' lang='lat' dir='ltr'>&#39;qui</span> <span class='ocrx_word' id='word_1_15' title='bbox 806 502 843 562; x_wconf 79' lang='lat' dir='ltr'>ab</span> <span class='ocrx_word' id='word_1_16' title='bbox 866 519 902 566; x_wconf 88' lang='lat' dir='ltr'>eo</span> <span class='ocrx_word' id='word_1_17' title='bbox 925 505 1024 566; x_wconf 83' lang='lat' dir='ltr'>nihil¹</span> 
     </span>
     <span class='ocr_line' id='line_1_4' title="bbox 161 585 1001 670; baseline 0.005 -23"><span class='ocrx_word' id='word_1_18' title='bbox 161 586 290 667; x_wconf 85' lang='lat' dir='ltr'>amplius</span> <span class='ocrx_word' id='word_1_19' title='bbox 304 586 478 670; x_wconf 75' lang='lat' dir='ltr'>exegissent,</span> <span class='ocrx_word' id='word_1_20' title='bbox 499 609 592 670; x_wconf 87' lang='lat' dir='ltr'>quam</span> <span class='ocrx_word' id='word_1_21' title='bbox 615 585 696 668; x_wconf 90' lang='lat' dir='ltr'>quod</span> <span class='ocrx_word' id='word_1_22' title='bbox 712 601 801 648; x_wconf 85' lang='lat' dir='ltr'>antea</span> <span class='ocrx_word' id='word_1_23' title='bbox 816 589 929 651; x_wconf 74' lang='lat' dir='ltr'>didium</span> <span class='ocrx_word' id='word_1_24' title='bbox 946 589 1001 665; x_wconf 86' lang='lat' dir='ltr'>est,</span> 
     </span>
     <span class='ocr_line' id='line_1_5' title="bbox 161 670 1001 759; baseline 0.004 -26"><span class='ocrx_word' id='word_1_25' title='bbox 161 671 193 733; x_wconf 75' lang='grc' dir='ltr'>δι</span> <span class='ocrx_word' id='word_1_26' title='bbox 216 672 296 754; x_wconf 91' lang='lat' dir='ltr'>quod</span> <span class='ocrx_word' id='word_1_27' title='bbox 317 673 375 753; x_wconf 91' lang='lat' dir='ltr'>ipse</span> <span class='ocrx_word' id='word_1_28' title='bbox 397 695 502 734; x_wconf 85' lang='lat' dir='ltr'>verum</span> <span class='ocrx_word' id='word_1_29' title='bbox 516 670 572 734; x_wconf 86' lang='lat' dir='ltr'>esse</span> <span class='ocrx_word' id='word_1_30' title='bbox 587 672 696 733; x_wconf 82' lang='lat' dir='ltr'>eximie</span> <span class='ocrx_word' id='word_1_31' title='bbox 711 673 857 751; x_wconf 82' lang='lat' dir='ltr'>probavit.</span> <span class='ocrx_word' id='word_1_32' title='bbox 904 674 1001 759; x_wconf 86' lang='lat' dir='ltr'>Cujus</span> 
     </span>
     <span class='ocr_line' id='line_1_6' title="bbox 160 757 999 841; baseline 0.008 -25"><span class='ocrx_word' id='word_1_33' title='bbox 160 757 204 817; x_wconf 89' lang='lat' dir='ltr'>rei</span> <span class='ocrx_word' id='word_1_34' title='bbox 226 779 261 819; x_wconf 85' lang='lat' dir='ltr'>ea</span> <span class='ocrx_word' id='word_1_35' title='bbox 276 759 342 820; x_wconf 89' lang='lat' dir='ltr'>sunt</span> <span class='ocrx_word' id='word_1_36' title='bbox 357 774 547 841; x_wconf 84' lang='lat' dir='ltr'>argumenta,</span> <span class='ocrx_word' id='word_1_37' title='bbox 570 779 639 839; x_wconf 79' lang='lat' dir='ltr'>quae</span> <span class='ocrx_word' id='word_1_38' title='bbox 654 757 730 817; x_wconf 88' lang='lat' dir='ltr'>tanti</span> <span class='ocrx_word' id='word_1_39' title='bbox 744 758 832 818; x_wconf 86' lang='lat' dir='ltr'>nobis</span> <span class='ocrx_word' id='word_1_40' title='bbox 846 760 999 839; x_wconf 68' lang='lat' dir='ltr'>visisunt,</span> 
     </span>
     <span class='ocr_line' id='line_1_7' title="bbox 161 841 1006 930; baseline 0.004 -27"><span class='ocrx_word' id='word_1_41' title='bbox 161 857 195 904; x_wconf 91' lang='lat' dir='ltr'>ut</span> <span class='ocrx_word' id='word_1_42' title='bbox 210 864 246 903; x_wconf 87' lang='lat' dir='ltr'>ea</span> <span class='ocrx_word' id='word_1_43' title='bbox 260 844 331 904; x_wconf 90' lang='lat' dir='ltr'>huic</span> <span class='ocrx_word' id='word_1_44' title='bbox 345 843 448 905; x_wconf 87' lang='lat' dir='ltr'>libello</span> <span class='ocrx_word' id='word_1_45' title='bbox 463 842 667 930; x_wconf 85' lang='lat' dir='ltr'>subjungenda</span> <span class='ocrx_word' id='word_1_46' title='bbox 681 841 864 906; x_wconf 82' lang='lat' dir='ltr'>duxerimus.</span> <span class='ocrx_word' id='word_1_47' title='bbox 942 879 946 895; x_wconf 82' lang='lat'><strong><em>=</em></strong></span> <span class='ocrx_word' id='word_1_48' title='bbox 1002 891 1006 896; x_wconf 84' lang='lat'>-</span> 
     </span>
    </p>
   </div>
   <div class='ocr_carea' id='block_1_3' title="bbox 162 976 1004 1284">
    <p class='ocr_par' dir='ltr' id='par_1_3' title="bbox 162 976 1004 1284">
     <span class='ocr_line' id='line_1_8' title="bbox 162 976 1004 1098; baseline 0.005 -24"><span class='ocrx_word' id='word_1_49' title='bbox 162 1011 287 1097; x_wconf 84' lang='lat' dir='ltr'>§XIIL</span> <span class='ocrx_word' id='word_1_50' title='bbox 311 1012 468 1096; x_wconf 82' lang='lat' dir='ltr'>Paraenefis</span> <span class='ocrx_word' id='word_1_51' title='bbox 491 1014 531 1076; x_wconf 84' lang='lat' dir='ltr'>ad</span> <span class='ocrx_word' id='word_1_52' title='bbox 551 1012 733 1098; x_wconf 79' lang='lat' dir='ltr'>difflntientes</span> <span class='ocrx_word' id='word_1_53' title='bbox 759 982 943 1097; x_wconf 65' lang='lat' dir='ltr'>Chrssinnos,</span> <span class='ocrx_word' id='word_1_54' title='bbox 967 976 1004 1079; x_wconf 79' lang='lat' dir='ltr'>ne¹</span> 
     </span>
     <span class='ocr_line' id='line_1_9' title="bbox 203 1097 1002 1184; baseline 0.001 -23"><span class='ocrx_word' id='word_1_55' title='bbox 203 1102 298 1180; x_wconf 77' lang='lat' dir='ltr'>cupita</span> <span class='ocrx_word' id='word_1_56' title='bbox 321 1100 377 1162; x_wconf 85' lang='lat' dir='ltr'>ulla</span> <span class='ocrx_word' id='word_1_57' title='bbox 401 1097 549 1172; x_wconf 61' lang='lat' dir='ltr'>nouerim,</span> <span class='ocrx_word' id='word_1_58' title='bbox 579 1113 687 1181; x_wconf 81' lang='lat' dir='ltr'><em>praetcr</em></span> <span class='ocrx_word' id='word_1_59' title='bbox 709 1123 742 1160; x_wconf 84' lang='lat' dir='ltr'>ea</span> <span class='ocrx_word' id='word_1_60' title='bbox 764 1120 826 1180; x_wconf 79' lang='lat' dir='ltr'>quae</span> <span class='ocrx_word' id='word_1_61' title='bbox 850 1103 944 1184; x_wconf 84' lang='lat' dir='ltr'>quivis</span> <span class='ocrx_word' id='word_1_62' title='bbox 969 1102 1002 1163; x_wconf 83' lang='lat' dir='ltr'>in</span> 
     </span>
     <span class='ocr_line' id='line_1_10' title="bbox 203 1181 1001 1284; baseline 0.008 -38"><span class='ocrx_word' id='word_1_63' title='bbox 203 1185 288 1247; x_wconf 87' lang='lat' dir='ltr'>Novo</span> <span class='ocrx_word' id='word_1_64' title='bbox 302 1183 471 1269; x_wconf 63' lang='lat' dir='ltr'>sistamento</span> <span class='ocrx_word' id='word_1_65' title='bbox 484 1184 574 1260; x_wconf 81' lang='lat' dir='ltr'>videt,</span> <span class='ocrx_word' id='word_1_66' title='bbox 585 1183 710 1268; x_wconf 81' lang='lat' dir='ltr'><em>suntque</em></span> <span class='ocrx_word' id='word_1_67' title='bbox 715 1181 826 1284; x_wconf 75' lang='lat' dir='ltr'>semper</span> <span class='ocrx_word' id='word_1_68' title='bbox 840 1186 957 1268; x_wconf 81' lang='lat' dir='ltr'>credita,</span> <span class='ocrx_word' id='word_1_69' title='bbox 979 1189 1001 1252; x_wconf 62' lang='lat' dir='ltr'>a*</span> 
     </span>
    </p>
   </div>
   <div class='ocr_carea' id='block_1_4' title="bbox 194 1270 495 1353">
    <p class='ocr_par' dir='ltr' id='par_1_4' title="bbox 194 1270 495 1353">
     <span class='ocr_line' id='line_1_11' title="bbox 194 1270 495 1353; baseline -0.003 -21"><span class='ocrx_word' id='word_1_70' title='bbox 194 1270 229 1353; x_wconf 85' lang='lat' dir='ltr'>se</span> <span class='ocrx_word' id='word_1_71' title='bbox 243 1271 361 1334; x_wconf 83' lang='lat' dir='ltr'>invicem</span> <span class='ocrx_word' id='word_1_72' title='bbox 372 1271 495 1353; x_wconf 79' lang='lat' dir='ltr'><em>exigant.</em></span> 
     </span>
    </p>
   </div>
   <div class='ocr_carea' id='block_1_5' title="bbox 140 1374 1003 3166">
    <p class='ocr_par' dir='ltr' id='par_1_5' title="bbox 158 1374 1003 3079">
     <span class='ocr_line' id='line_1_12' title="bbox 177 1374 1000 1455; baseline 0.005 -14"><span class='ocrx_word' id='word_1_73' title='bbox 177 1374 179 1379; x_wconf 69' lang='grc'><strong>’</strong></span> <span class='ocrx_word' id='word_1_74' title='bbox 204 1380 293 1443; x_wconf 74' lang='lat' dir='ltr'>HAEc</span> <span class='ocrx_word' id='word_1_75' title='bbox 310 1405 381 1443; x_wconf 88' lang='lat' dir='ltr'>cum</span> <span class='ocrx_word' id='word_1_76' title='bbox 396 1383 438 1445; x_wconf 83' lang='lat' dir='ltr'>ita</span> <span class='ocrx_word' id='word_1_77' title='bbox 452 1379 521 1455; x_wconf 81' lang='lat' dir='ltr'>sint,</span> <span class='ocrx_word' id='word_1_78' title='bbox 544 1378 712 1442; x_wconf 81' lang='lat' dir='ltr'>diffidentes</span> <span class='ocrx_word' id='word_1_79' title='bbox 731 1402 837 1444; x_wconf 88' lang='lat' dir='ltr'>omnes</span> <span class='ocrx_word' id='word_1_80' title='bbox 854 1380 1000 1445; x_wconf 83' lang='lat' dir='ltr'>Christia-</span> 
     </span>
     <span class='ocr_line' id='line_1_13' title="bbox 160 1465 1001 1548; baseline 0.005 -22"><span class='ocrx_word' id='word_1_81' title='bbox 160 1485 217 1527; x_wconf 86' lang='lat' dir='ltr'>nos</span> <span class='ocrx_word' id='word_1_82' title='bbox 237 1489 300 1529; x_wconf 91' lang='lat' dir='ltr'>non</span> <span class='ocrx_word' id='word_1_83' title='bbox 322 1465 474 1548; x_wconf 88' lang='lat' dir='ltr'>possumus</span> <span class='ocrx_word' id='word_1_84' title='bbox 494 1486 557 1526; x_wconf 90' lang='lat' dir='ltr'>non</span> <span class='ocrx_word' id='word_1_85' title='bbox 571 1465 766 1527; x_wconf 85' lang='lat' dir='ltr'>vehementer</span> <span class='ocrx_word' id='word_1_86' title='bbox 780 1465 941 1543; x_wconf 85' lang='lat' dir='ltr'>adhortari,</span> <span class='ocrx_word' id='word_1_87' title='bbox 965 1485 1001 1531; x_wconf 84' lang='lat' dir='ltr'>ut</span> 
     </span>
     <span class='ocr_line' id='line_1_14' title="bbox 161 1548 1002 1616; baseline 0.005 -5"><span class='ocrx_word' id='word_1_88' title='bbox 161 1551 324 1613; x_wconf 88' lang='lat' dir='ltr'>meminisse</span> <span class='ocrx_word' id='word_1_89' title='bbox 339 1551 433 1613; x_wconf 88' lang='lat' dir='ltr'>velint</span> <span class='ocrx_word' id='word_1_90' title='bbox 447 1572 520 1613; x_wconf 73' lang='lat' dir='ltr'>eam⁴</span> <span class='ocrx_word' id='word_1_91' title='bbox 530 1548 624 1611; x_wconf 87' lang='lat' dir='ltr'>solam</span> <span class='ocrx_word' id='word_1_92' title='bbox 638 1572 738 1612; x_wconf 87' lang='lat' dir='ltr'>veram</span> <span class='ocrx_word' id='word_1_93' title='bbox 755 1549 811 1612; x_wconf 88' lang='lat' dir='ltr'>esse</span> <span class='ocrx_word' id='word_1_94' title='bbox 822 1550 1002 1616; x_wconf 79' lang='lat' dir='ltr'>Christianae</span> 
     </span>
     <span class='ocr_line' id='line_1_15' title="bbox 161 1634 1001 1720; baseline 0.005 -24"><span class='ocrx_word' id='word_1_95' title='bbox 161 1634 330 1720; x_wconf 85' lang='lat' dir='ltr'>Religionis</span> <span class='ocrx_word' id='word_1_96' title='bbox 346 1638 504 1712; x_wconf 89' lang='lat' dir='ltr'>summam,</span> <span class='ocrx_word' id='word_1_97' title='bbox 527 1636 613 1719; x_wconf 87' lang='lat' dir='ltr'>cujus</span> <span class='ocrx_word' id='word_1_98' title='bbox 629 1636 750 1712; x_wconf 85' lang='lat' dir='ltr'>veritas,</span> <span class='ocrx_word' id='word_1_99' title='bbox 773 1639 958 1720; x_wconf 89' lang='lat' dir='ltr'>argumentis</span> <span class='ocrx_word' id='word_1_100' title='bbox 982 1637 1001 1700; x_wconf 71' lang='grc' dir='ltr'>ὲ</span> 
     </span>
     <span class='ocr_line' id='line_1_16' title="bbox 160 1718 1002 1804; baseline 0.002 -21"><span class='ocrx_word' id='word_1_101' title='bbox 160 1718 315 1783; x_wconf 74' lang='lat' dir='ltr'>Gnomo</span> <span class='ocrx_word' id='word_1_102' title='bbox 329 1721 476 1796; x_wconf 68' lang='lat' dir='ltr'>addonis,</span> <span class='ocrx_word' id='word_1_103' title='bbox 499 1721 616 1802; x_wconf 84' lang='lat' dir='ltr'>probari</span> <span class='ocrx_word' id='word_1_104' title='bbox 629 1719 740 1803; x_wconf 77' lang='lat' dir='ltr'>potest5</span> <span class='ocrx_word' id='word_1_105' title='bbox 764 1743 826 1783; x_wconf 91' lang='lat' dir='ltr'>non</span> <span class='ocrx_word' id='word_1_106' title='bbox 838 1724 937 1804; x_wconf 84' lang='lat' dir='ltr'>capita</span> <span class='ocrx_word' id='word_1_107' title='bbox 949 1723 1002 1785; x_wconf 84' lang='lat' dir='ltr'>illa</span> 
     </span>
     <span class='ocr_line' id='line_1_17' title="bbox 160 1805 1003 1890; baseline 0.008 -25"><span class='ocrx_word' id='word_1_108' title='bbox 160 1808 362 1882; x_wconf 88' lang='lat' dir='ltr'>controversa,</span> <span class='ocrx_word' id='word_1_109' title='bbox 396 1829 465 1888; x_wconf 91' lang='lat' dir='ltr'>quae</span> <span class='ocrx_word' id='word_1_110' title='bbox 491 1805 625 1868; x_wconf 84' lang='lat' dir='ltr'>alterutri</span> <span class='ocrx_word' id='word_1_111' title='bbox 650 1821 776 1890; x_wconf 87' lang='lat' dir='ltr'>negant,</span> <span class='ocrx_word' id='word_1_112' title='bbox 811 1806 841 1868; x_wconf 77' lang='lat' dir='ltr'>dc</span> <span class='ocrx_word' id='word_1_113' title='bbox 863 1831 931 1890; x_wconf 74' lang='lat' dir='ltr'>quoe</span> <span class='ocrx_word' id='word_1_114' title='bbox 954 1823 1003 1872; x_wconf 86' lang='lat' dir='ltr'>tot</span> 
     </span>
     <span class='ocr_line' id='line_1_18' title="bbox 161 1889 1002 1975; baseline 0.01 -26"><span class='ocrx_word' id='word_1_115' title='bbox 161 1890 311 1953; x_wconf 85' lang='lat' dir='ltr'>malorum</span> <span class='ocrx_word' id='word_1_116' title='bbox 326 1893 413 1953; x_wconf 85' lang='lat' dir='ltr'>causa</span> <span class='ocrx_word' id='word_1_117' title='bbox 437 1893 575 1963; x_wconf 82' lang='lat' dir='ltr'>fuerunt3</span> <span class='ocrx_word' id='word_1_118' title='bbox 600 1889 669 1952; x_wconf 91' lang='lat' dir='ltr'>dein</span> <span class='ocrx_word' id='word_1_119' title='bbox 692 1891 805 1952; x_wconf 89' lang='lat' dir='ltr'>nemini</span> <span class='ocrx_word' id='word_1_120' title='bbox 829 1892 908 1973; x_wconf 86' lang='lat' dir='ltr'>posse</span> <span class='ocrx_word' id='word_1_121' title='bbox 932 1917 1002 1975; x_wconf 88' lang='lat' dir='ltr'>per·</span> 
     </span>
     <span class='ocr_line' id='line_1_19' title="bbox 161 1974 1002 2060; baseline 0.01 -24"><span class='ocrx_word' id='word_1_122' title='bbox 161 1975 285 2054; x_wconf 83' lang='lat' dir='ltr'>suaderi,</span> <span class='ocrx_word' id='word_1_123' title='bbox 301 1978 353 2060; x_wconf 90' lang='lat' dir='ltr'>qui</span> <span class='ocrx_word' id='word_1_124' title='bbox 365 1977 494 2040; x_wconf 87' lang='lat' dir='ltr'>Novum</span> <span class='ocrx_word' id='word_1_125' title='bbox 503 1974 737 2037; x_wconf 85' lang='lat' dir='ltr'>Testamentum</span> <span class='ocrx_word' id='word_1_126' title='bbox 749 1975 886 2060; x_wconf 86' lang='lat' dir='ltr'>religioso</span> <span class='ocrx_word' id='word_1_127' title='bbox 898 1981 1002 2044; x_wconf 81' lang='lat' dir='ltr'>animo</span> 
     </span>
     <span class='ocr_line' id='line_1_20' title="bbox 160 2058 1001 2147; baseline 0.005 -26"><span class='ocrx_word' id='word_1_128' title='bbox 160 2059 278 2144; x_wconf 82' lang='lat' dir='ltr'>legerit,</span> <span class='ocrx_word' id='word_1_129' title='bbox 302 2085 336 2124; x_wconf 85' lang='lat' dir='ltr'>ac</span> <span class='ocrx_word' id='word_1_130' title='bbox 359 2063 520 2123; x_wconf 86' lang='lat' dir='ltr'>meditatus</span> <span class='ocrx_word' id='word_1_131' title='bbox 539 2061 641 2135; x_wconf 86' lang='lat' dir='ltr'>suerit,</span> <span class='ocrx_word' id='word_1_132' title='bbox 664 2058 782 2122; x_wconf 86' lang='lat' dir='ltr'>⁶asium</span> <span class='ocrx_word' id='word_1_133' title='bbox 796 2060 852 2121; x_wconf 85' lang='lat' dir='ltr'>esse</span> <span class='ocrx_word' id='word_1_134' title='bbox 867 2061 1001 2147; x_wconf 84' lang='lat' dir='ltr'>Legissa-</span> 
     </span>
     <span class='ocr_line' id='line_1_21' title="bbox 161 2144 1000 2230; baseline 0.007 -24"><span class='ocrx_word' id='word_1_135' title='bbox 161 2160 269 2222; x_wconf 82' lang='lat' dir='ltr'>torem,</span> <span class='ocrx_word' id='word_1_136' title='bbox 293 2163 400 2228; x_wconf 74' lang='lat' dir='ltr'>praeter</span> <span class='ocrx_word' id='word_1_137' title='bbox 418 2145 585 2219; x_wconf 87' lang='lat' dir='ltr'>Christum,</span> <span class='ocrx_word' id='word_1_138' title='bbox 609 2166 646 2205; x_wconf 88' lang='lat' dir='ltr'>ex</span> <span class='ocrx_word' id='word_1_139' title='bbox 673 2147 758 2230; x_wconf 86' lang='lat' dir='ltr'>cujus</span> <span class='ocrx_word' id='word_1_140' title='bbox 780 2144 899 2228; x_wconf 86' lang='lat' dir='ltr'>legibus</span> <span class='ocrx_word' id='word_1_141' title='bbox 923 2149 1000 2213; x_wconf 86' lang='lat' dir='ltr'>salus</span> 
     </span>
     <span class='ocr_line' id='line_1_22' title="bbox 160 2230 1003 2313; baseline 0.006 -22"><span class='ocrx_word' id='word_1_142' title='bbox 160 2246 272 2292; x_wconf 77' lang='lat' dir='ltr'>aeterna</span> <span class='ocrx_word' id='word_1_143' title='bbox 298 2233 442 2313; x_wconf 83' lang='lat' dir='ltr'>pendeat3</span> <span class='ocrx_word' id='word_1_144' title='bbox 477 2252 534 2291; x_wconf 85' lang='lat' dir='ltr'>nec</span> <span class='ocrx_word' id='word_1_145' title='bbox 557 2251 743 2312; x_wconf 86' lang='lat' dir='ltr'>quemquam</span> <span class='ocrx_word' id='word_1_146' title='bbox 766 2230 808 2291; x_wconf 85' lang='lat' dir='ltr'>ita</span> <span class='ocrx_word' id='word_1_147' title='bbox 832 2232 1003 2300; x_wconf 86' lang='lat' dir='ltr'>animatum</span> 
     </span>
     <span class='ocr_line' id='line_1_23' title="bbox 160 2314 1001 2395; baseline 0.011 -21"><span class='ocrx_word' id='word_1_148' title='bbox 160 2314 251 2395; x_wconf 81' lang='lat' dir='ltr'>posse,</span> <span class='ocrx_word' id='word_1_149' title='bbox 282 2334 336 2379; x_wconf 84' lang='lat' dir='ltr'>aut</span> <span class='ocrx_word' id='word_1_150' title='bbox 360 2317 467 2377; x_wconf 85' lang='lat' dir='ltr'>debere</span> <span class='ocrx_word' id='word_1_151' title='bbox 495 2316 531 2377; x_wconf 88' lang='lat' dir='ltr'>ab</span> <span class='ocrx_word' id='word_1_152' title='bbox 559 2316 660 2376; x_wconf 86' lang='lat' dir='ltr'>animo</span> <span class='ocrx_word' id='word_1_153' title='bbox 688 2316 738 2376; x_wconf 89' lang='lat' dir='ltr'>suo</span> <span class='ocrx_word' id='word_1_154' title='bbox 762 2316 933 2394; x_wconf 80' lang='lat' dir='ltr'>impetrare,</span> <span class='ocrx_word' id='word_1_155' title='bbox 965 2334 1001 2383; x_wconf 87' lang='lat' dir='ltr'>ut</span> 
     </span>
     <span class='ocr_line' id='line_1_24' title="bbox 160 2398 999 2482; baseline 0.006 -21"><span class='ocrx_word' id='word_1_156' title='bbox 160 2401 324 2482; x_wconf 85' lang='lat' dir='ltr'>quidquam</span> <span class='ocrx_word' id='word_1_157' title='bbox 340 2402 490 2474; x_wconf 85' lang='lat' dir='ltr'>admittat,</span> <span class='ocrx_word' id='word_1_158' title='bbox 513 2399 595 2482; x_wconf 80' lang='lat' dir='ltr'>quasi</span> <span class='ocrx_word' id='word_1_159' title='bbox 607 2398 799 2462; x_wconf 82' lang='lat' dir='ltr'>necessarium</span> <span class='ocrx_word' id='word_1_160' title='bbox 813 2400 999 2480; x_wconf 83' lang='lat' dir='ltr'>adsalutem,</span> 
     </span>
     <span class='ocr_line' id='line_1_25' title="bbox 159 2484 999 2567; baseline 0.007 -22"><span class='ocrx_word' id='word_1_161' title='bbox 159 2485 245 2566; x_wconf 92' lang='lat' dir='ltr'>quod.</span> <span class='ocrx_word' id='word_1_162' title='bbox 258 2502 364 2567; x_wconf 84' lang='lat' dir='ltr'>praeter</span> <span class='ocrx_word' id='word_1_163' title='bbox 376 2485 485 2548; x_wconf 85' lang='lat' dir='ltr'>Christi</span> <span class='ocrx_word' id='word_1_164' title='bbox 501 2485 531 2547; x_wconf 70' lang='lat' dir='ltr'>n</span> <span class='ocrx_word' id='word_1_165' title='bbox 543 2484 758 2565; x_wconf 81' lang='lat' dir='ltr'>Apostolorum</span> <span class='ocrx_word' id='word_1_166' title='bbox 774 2484 941 2550; x_wconf 74' lang='lat' dir='ltr'>dodirinam</span> <span class='ocrx_word' id='word_1_167' title='bbox 952 2490 999 2566; x_wconf 85' lang='lat' dir='ltr'>sit,</span> 
     </span>
     <span class='ocr_line' id='line_1_26' title="bbox 159 2569 999 2651; baseline 0.008 -21"><span class='ocrx_word' id='word_1_168' title='bbox 159 2570 206 2630; x_wconf 88' lang='lat' dir='ltr'>vel</span> <span class='ocrx_word' id='word_1_169' title='bbox 221 2586 254 2631; x_wconf 86' lang='lat' dir='ltr'>ut</span> <span class='ocrx_word' id='word_1_170' title='bbox 268 2594 374 2632; x_wconf 89' lang='lat' dir='ltr'>verum</span> <span class='ocrx_word' id='word_1_171' title='bbox 388 2571 490 2632; x_wconf 86' lang='lat' dir='ltr'>credat</span> <span class='ocrx_word' id='word_1_172' title='bbox 501 2570 583 2651; x_wconf 91' lang='lat' dir='ltr'>quod</span> <span class='ocrx_word' id='word_1_173' title='bbox 595 2571 621 2631; x_wconf 90' lang='lat' dir='ltr'>ei</span> <span class='ocrx_word' id='word_1_174' title='bbox 634 2570 819 2631; x_wconf 82' lang='lat' dir='ltr'>contrarium</span> <span class='ocrx_word' id='word_1_175' title='bbox 830 2569 886 2632; x_wconf 86' lang='lat' dir='ltr'>esse</span> <span class='ocrx_word' id='word_1_176' title='bbox 898 2574 999 2637; x_wconf 87' lang='lat' dir='ltr'>existi-</span> 
     </span>
     <span class='ocr_line' id='line_1_27' title="bbox 159 2654 998 2737; baseline 0.008 -23"><span class='ocrx_word' id='word_1_177' title='bbox 159 2671 223 2716; x_wconf 83' lang='lat' dir='ltr'>mat</span> <span class='ocrx_word' id='word_1_178' title='bbox 233 2682 242 2728; x_wconf 91' lang='lat'>;</span> <span class='ocrx_word' id='word_1_179' title='bbox 267 2657 367 2737; x_wconf 82' lang='lat' dir='ltr'>itaque</span> <span class='ocrx_word' id='word_1_180' title='bbox 382 2656 501 2716; x_wconf 85' lang='lat' dir='ltr'>nullum</span> <span class='ocrx_word' id='word_1_181' title='bbox 516 2655 625 2715; x_wconf 88' lang='lat' dir='ltr'>certius</span> <span class='ocrx_word' id='word_1_182' title='bbox 646 2676 680 2715; x_wconf 85' lang='lat' dir='ltr'>ac</span> <span class='ocrx_word' id='word_1_183' title='bbox 705 2654 998 2734; x_wconf 76' lang='lat' dir='ltr'>praesentius-reme-</span> 
     </span>
     <span class='ocr_line' id='line_1_28' title="bbox 158 2738 999 2824; baseline 0.006 -24"><span class='ocrx_word' id='word_1_184' title='bbox 158 2740 241 2808; x_wconf 90' lang='lat' dir='ltr'>dium</span> <span class='ocrx_word' id='word_1_185' title='bbox 259 2739 314 2801; x_wconf 84' lang='lat' dir='ltr'>csse</span> <span class='ocrx_word' id='word_1_186' title='bbox 334 2739 554 2817; x_wconf 75' lang='lat' dir='ltr'>dissensionum,</span> <span class='ocrx_word' id='word_1_187' title='bbox 579 2761 672 2821; x_wconf 88' lang='lat' dir='ltr'>quam</span> <span class='ocrx_word' id='word_1_188' title='bbox 687 2753 721 2800; x_wconf 89' lang='lat' dir='ltr'>ut</span> <span class='ocrx_word' id='word_1_189' title='bbox 736 2738 810 2799; x_wconf 92' lang='lat' dir='ltr'>nihil</span> <span class='ocrx_word' id='word_1_190' title='bbox 826 2740 999 2824; x_wconf 80' lang='lat' dir='ltr'>imponatur</span> 
     </span>
     <span class='ocr_line' id='line_1_29' title="bbox 158 2824 998 2907; baseline 0.011 -22"><span class='ocrx_word' id='word_1_191' title='bbox 158 2824 347 2900; x_wconf 85' lang='lat' dir='ltr'>Christianis,</span> <span class='ocrx_word' id='word_1_192' title='bbox 371 2841 477 2906; x_wconf 84' lang='lat' dir='ltr'>praeter</span> <span class='ocrx_word' id='word_1_193' title='bbox 491 2846 527 2885; x_wconf 87' lang='lat' dir='ltr'>ea</span> <span class='ocrx_word' id='word_1_194' title='bbox 540 2846 610 2905; x_wconf 85' lang='lat' dir='ltr'>quae</span> <span class='ocrx_word' id='word_1_195' title='bbox 624 2824 822 2906; x_wconf 84' lang='lat' dir='ltr'>unusquisque</span> <span class='ocrx_word' id='word_1_196' title='bbox 836 2829 915 2907; x_wconf 83' lang='lat' dir='ltr'>apud</span> <span class='ocrx_word' id='word_1_197' title='bbox 930 2832 998 2894; x_wconf 87' lang='lat' dir='ltr'>ani·</span> 
     </span>
     <span class='ocr_line' id='line_1_30' title="bbox 158 2906 997 2995; baseline 0.007 -25"><span class='ocrx_word' id='word_1_198' title='bbox 158 2930 243 2970; x_wconf 88' lang='lat' dir='ltr'>mum</span> <span class='ocrx_word' id='word_1_199' title='bbox 266 2912 350 2972; x_wconf 90' lang='lat' dir='ltr'>suum</span> <span class='ocrx_word' id='word_1_200' title='bbox 373 2927 456 2972; x_wconf 86' lang='lat' dir='ltr'>certo</span> <span class='ocrx_word' id='word_1_201' title='bbox 479 2908 564 2971; x_wconf 87' lang='lat' dir='ltr'>novit</span> <span class='ocrx_word' id='word_1_202' title='bbox 586 2906 642 2970; x_wconf 85' lang='lat' dir='ltr'>esse</span> <span class='ocrx_word' id='word_1_203' title='bbox 665 2909 812 2983; x_wconf 79' lang='lat' dir='ltr'>revelata3</span> <span class='ocrx_word' id='word_1_204' title='bbox 837 2934 893 2974; x_wconf 89' lang='lat' dir='ltr'>nec</span> <span class='ocrx_word' id='word_1_205' title='bbox 907 2916 997 2995; x_wconf 86' lang='lat' dir='ltr'>quid-</span> 
     </span>
     <span class='ocr_line' id='line_1_31' title="bbox 158 2995 995 3079; baseline 0.008 -25"><span class='ocrx_word' id='word_1_206' title='bbox 158 3017 252 3076; x_wconf 80' lang='lat' dir='ltr'>quam</span> <span class='ocrx_word' id='word_1_207' title='bbox 265 2997 333 3057; x_wconf 91' lang='lat' dir='ltr'>inde</span> <span class='ocrx_word' id='word_1_208' title='bbox 348 2995 516 3058; x_wconf 86' lang='lat' dir='ltr'>timendum</span> <span class='ocrx_word' id='word_1_209' title='bbox 532 2995 727 3069; x_wconf 84' lang='lat' dir='ltr'>incommodi,</span> <span class='ocrx_word' id='word_1_210' title='bbox 751 2997 995 3079; x_wconf 77' lang='lat' dir='ltr'>quandoquidem</span> 
     </span>
    </p>

    <p class='ocr_par' dir='ltr' id='par_1_6' title="bbox 140 3078 994 3166">
     <span class='ocr_line' id='line_1_32' title="bbox 140 3078 994 3166; baseline 0.005 -25"><span class='ocrx_word' id='word_1_211' title='bbox 140 3110 142 3113; x_wconf 52' lang='lat'>&lt;</span> <span class='ocrx_word' id='word_1_212' title='bbox 157 3081 295 3142; x_wconf 91' lang='lat' dir='ltr'>omnium</span> <span class='ocrx_word' id='word_1_213' title='bbox 310 3081 499 3156; x_wconf 74' lang='lat' dir='ltr'>seculorum,</span> <span class='ocrx_word' id='word_1_214' title='bbox 522 3103 591 3162; x_wconf 88' lang='lat' dir='ltr'>quae</span> <span class='ocrx_word' id='word_1_215' title='bbox 606 3079 623 3140; x_wconf 73' lang='grc' dir='ltr'>ὲ</span> <span class='ocrx_word' id='word_1_216' title='bbox 639 3078 757 3142; x_wconf 80' lang='lat' dir='ltr'>Christo</span> <span class='ocrx_word' id='word_1_217' title='bbox 772 3080 808 3141; x_wconf 86' lang='lat' dir='ltr'>ad</span> <span class='ocrx_word' id='word_1_218' title='bbox 825 3103 881 3143; x_wconf 88' lang='lat' dir='ltr'>nos</span> <span class='ocrx_word' id='word_1_219' title='bbox 902 3084 994 3166; x_wconf 85' lang='lat' dir='ltr'>usque</span> 
     </span>
    </p>
   </div>
   <div class='ocr_carea' id='block_1_6' title="bbox 155 3226 993 3489">
    <p class='ocr_par' dir='ltr' id='par_1_7' title="bbox 155 3226 993 3489">
     <span class='ocr_line' id='line_1_33' title="bbox 189 3226 993 3295; baseline 0.004 -20"><span class='ocrx_word' id='word_1_220' title='bbox 189 3232 204 3275; x_wconf 87' lang='lat'><strong>6</strong></span> <span class='ocrx_word' id='word_1_221' title='bbox 230 3232 304 3278; x_wconf 80' lang='lat' dir='ltr'>Alium</span> <span class='ocrx_word' id='word_1_222' title='bbox 326 3232 364 3292; x_wconf 82' lang='lat' dir='ltr'>effe</span> <span class='ocrx_word' id='word_1_223' title='bbox 382 3226 553 3295; x_wconf 67' lang='lat' dir='ltr'>LegiflatoremJ</span> <span class='ocrx_word' id='word_1_224' title='bbox 590 3229 733 3291; x_wconf 72' lang='lat' dir='ltr'>pertinentia.</span> <span class='ocrx_word' id='word_1_225' title='bbox 766 3227 877 3275; x_wconf 76' lang='lat' dir='ltr'>Praeterea</span> <span class='ocrx_word' id='word_1_226' title='bbox 893 3246 930 3277; x_wconf 76' lang='lat' dir='ltr'>res</span> <span class='ocrx_word' id='word_1_227' title='bbox 946 3232 993 3291; x_wconf 81' lang='lat' dir='ltr'>ipsa</span> 
     </span>
     <span class='ocr_line' id='line_1_34' title="bbox 155 3292 993 3354; baseline 0.002 -14"><span class='ocrx_word' id='word_1_228' title='bbox 155 3292 244 3340; x_wconf 77' lang='lat' dir='ltr'>Diserta</span> <span class='ocrx_word' id='word_1_229' title='bbox 255 3295 307 3340; x_wconf 87' lang='lat' dir='ltr'>sunt</span> <span class='ocrx_word' id='word_1_230' title='bbox 317 3296 376 3340; x_wconf 87' lang='lat' dir='ltr'>hanc</span> <span class='ocrx_word' id='word_1_231' title='bbox 387 3298 410 3340; x_wconf 91' lang='lat' dir='ltr'>in</span> <span class='ocrx_word' id='word_1_232' title='bbox 426 3311 474 3341; x_wconf 86' lang='lat' dir='ltr'>rem</span> <span class='ocrx_word' id='word_1_233' title='bbox 490 3295 559 3341; x_wconf 82' lang='lat' dir='ltr'>verba</span> <span class='ocrx_word' id='word_1_234' title='bbox 589 3295 627 3341; x_wconf 86' lang='lat' dir='ltr'>hie</span> <span class='ocrx_word' id='word_1_235' title='bbox 639 3294 748 3354; x_wconf 82' lang='lat' dir='ltr'>loquitur,</span> <span class='ocrx_word' id='word_1_236' title='bbox 764 3306 827 3349; x_wconf 87' lang='lat' dir='ltr'>cum,</span> <span class='ocrx_word' id='word_1_237' title='bbox 845 3294 993 3342; x_wconf 81' lang='lat' dir='ltr'>dissentienti·</span> 
     </span>
     <span class='ocr_line' id='line_1_35' title="bbox 160 3357 993 3421; baseline 0.005 -19"><span class='ocrx_word' id='word_1_238' title='bbox 160 3359 236 3414; x_wconf 73' lang='lat' dir='ltr'>Iicobi</span> <span class='ocrx_word' id='word_1_239' title='bbox 246 3362 303 3419; x_wconf 84' lang='lat' dir='ltr'>Cap.</span> <span class='ocrx_word' id='word_1_240' title='bbox 316 3374 356 3406; x_wconf 79' lang='grc' dir='ltr'>ιν.</span> <span class='ocrx_word' id='word_1_241' title='bbox 371 3375 408 3407; x_wconf 81' lang='grc' dir='ltr'>η,</span> <span class='ocrx_word' id='word_1_242' title='bbox 426 3376 478 3421; x_wconf 79' lang='lat' dir='ltr'>quae</span> <span class='ocrx_word' id='word_1_243' title='bbox 489 3363 561 3412; x_wconf 55' lang='lat' dir='ltr'>adtue</span> <span class='ocrx_word' id='word_1_244' title='bbox 590 3357 779 3416; x_wconf 64' lang='lat' dir='ltr'>busChristinnis,</span> <span class='ocrx_word' id='word_1_245' title='bbox 797 3358 901 3405; x_wconf 74' lang='lat' dir='ltr'>nemost</span> <span class='ocrx_word' id='word_1_246' title='bbox 912 3362 993 3406; x_wconf 75' lang='lat' dir='ltr'>adver-</span> 
     </span>
     <span class='ocr_line' id='line_1_36' title="bbox 156 3413 926 3489; baseline 0.005 -22"><span class='ocrx_word' id='word_1_247' title='bbox 156 3413 226 3470; x_wconf 75' lang='lat' dir='ltr'>me</span> <span class='ocrx_word' id='word_1_248' title='bbox 244 3427 270 3470; x_wconf 85' lang='lat' dir='ltr'>ad</span> <span class='ocrx_word' id='word_1_249' title='bbox 292 3423 306 3489; x_wconf 53' lang='grc' dir='ltr'>ᾗ</span> <span class='ocrx_word' id='word_1_250' title='bbox 328 3440 349 3475; x_wconf 85' lang='lat'>1.</span> <span class='ocrx_word' id='word_1_251' title='bbox 368 3425 406 3471; x_wconf 88' lang='lat' dir='ltr'>ubi</span> <span class='ocrx_word' id='word_1_252' title='bbox 419 3429 441 3472; x_wconf 66' lang='lat' dir='ltr'><strong><em>k</em></strong></span> <span class='ocrx_word' id='word_1_253' title='bbox 457 3423 502 3472; x_wconf 81' lang='lat' dir='ltr'>alia</span> <span class='ocrx_word' id='word_1_254' title='bbox 512 3419 559 3472; x_wconf 74' lang='lat' dir='ltr'>huc</span> <span class='ocrx_word' id='word_1_255' title='bbox 590 3422 642 3470; x_wconf 72' lang='lat' dir='ltr'>sarii</span> <span class='ocrx_word' id='word_1_256' title='bbox 652 3421 926 3473; x_wconf 65' lang='lat' dir='ltr'>auetoritaucrediturus.</span> 
     </span>
    </p>
   </div>
   <div class='ocr_carea' id='block_1_7' title="bbox 542 3485 993 3551">
    <p class='ocr_par' dir='ltr' id='par_1_8' title="bbox 542 3485 993 3551">
     <span class='ocr_line' id='line_1_37' title="bbox 542 3485 993 3551; baseline 0.004 -2"><span class='ocrx_word' id='word_1_257' title='bbox 542 3485 576 3549; x_wconf 91' lang='lat' dir='ltr'>N</span> <span class='ocrx_word' id='word_1_258' title='bbox 601 3505 618 3550; x_wconf 85' lang='lat'><strong>2</strong></span> <span class='ocrx_word' id='word_1_259' title='bbox 763 3529 768 3536; x_wconf 89' lang='lat'><em>-</em></span> <span class='ocrx_word' id='word_1_260' title='bbox 893 3486 993 3551; x_wconf 86' lang='lat' dir='ltr'>fluxe-</span> 
     </span>
    </p>
   </div>
   <div class='ocr_carea' id='block_1_8' title="bbox 0 0 1168 4050">
    <p class='ocr_par' dir='ltr' id='par_1_9' title="bbox 0 0 1168 4050">
     <span class='ocr_line' id='line_1_38' title="bbox 0 0 1168 4050; baseline 0 1"><span class='ocrx_word' id='word_1_261' title='bbox 0 0 1168 4050; x_wconf 95' lang='lat' dir='ltr'> </span> 
     </span>
    </p>
   </div>
  </div>
 </body>
</html>
