2325 4050
199 313 262 363 200
336 293 898 365 H.Gnor1usnaVanra.

197 441 265 499 cap.
286 426 312 481 i.
337 418 376 482 sic
390 418 478 483 Deus
492 419 621 501 loquens
635 417 801 480 inducitur:
824 416 896 504 Quo
913 417 988 483 mihi
1001 435 1040 486 tot

195 507 349 570 visiimae?
393 504 489 568 Satias
502 529 544 566 me
562 517 636 566 tener
656 503 871 587 holocaustorum
885 528 920 567 ex
934 507 1040 569 arieti·

194 593 263 652 bus:
278 592 313 652 Εἴ
324 593 417 677 adipis
425 590 552 672 quumvis
559 587 747 674 pinguiffimi.¹
771 589 833 653 Nec
843 589 1040 676 omosongui·

99 689 102 695 “
195 695 267 750 nem,
289 673 353 759 seve
373 678 419 740 ille
432 677 619 758 juvencorum
640 677 691 759 est,
714 673 781 758 srve
801 697 951 758 agnorum,
975 676 1040 760 seve

194 759 347 836 hoedorum,
371 777 473 824 uocum
485 759 832 845 eoopudmeopporeotr'r.
878 760 1038 846 Numquis

193 843 241 908 hoc
251 848 284 906 de
293 847 369 908 vobis
381 847 482 930 exegit,
507 863 577 909 uteo
588 845 815 991 modopubdieesio
827 846 1038 928 impuraretis?

196 929 285 1010 Apud
300 929 464 1010 Jeremiam
488 953 560 993 vcro
579 951 646 1006 vn,
682 953 756 992 ocus
776 929 817 992 est
840 931 913 993 huic
937 934 1037 1016 gemi-

193 1036 264 1090 nus,
287 1015 316 1076 ἃ
328 1020 391 1102 ejus
403 1019 546 1098 interpres
558 1038 565 1077 ε
590 1017 634 1078 Sic
644 1018 689 1080 uit
699 1014 840 1079 Dominus
851 1017 1036 1100 Angelorum,

191 1102 276 1162 Deus
295 1101 419 1186 Isroilis.
465 1103 633 1184 Holocousto
648 1102 744 1185 vestro
758 1103 893 1184 congerite
908 1127 973 1166 cum
987 1105 1037 1168 vi·

192 1186 297 1262 llinris,
325 1189 360 1250 'tu’
383 1187 436 1272 ipſs
456 1211 551 1250 eorum
575 1211 660 1250 corrue
683 1186 837 1272 vescimini.
881 1188 967 1252 Nam
985 1213 1037 1273 quo

190 1273 314 1353 primum
337 1289 455 1358 tmepore
476 1273 592 1356 mojores
613 1274 718 1357 vestros
743 1274 826 1337 eduxi
849 1297 884 1337 eoo
904 1275 1038 1360 AEgypre,

190 1357 267 1418 nihil
285 1363 363 1442 exegi
387 1376 439 1423 out
459 1359 581 1443 precepi
603 1360 636 1420 de
658 1357 817 1441 holocaustis
839 1359 875 1421 ὃ
894 1360 1035 1426 vilsimir.

192 1441 250 1505 Sed
267 1443 312 1507 boc
325 1447 364 1528 est
382 1449 455 1527 quod
472 1444 529 1525 illis
545 1444 621 1529 serio
642 1443 731 1519 edixi,
754 1459 785 1505 ut
798 1442 870 1506 mibi
883 1446 1036 1510 obedientes

181 1531 306 1612 forent:
318 1532 362 1614 sic
375 1555 417 1593 me
426 1532 495 1615 fore
509 1530 606 1591 Deum
619 1527 756 1614 ipsorum
780 1526 848 1613 ipsos
861 1551 928 1592 vero
945 1553 1037 1597 meum

186 1615 326 1697 populum.
372 1616 464 1698 thue
481 1639 516 1678 eu
537 1617 691 1677 incederent
712 1616 777 1689 vio,
798 1637 882 1696 quum
902 1637 952 1698 ego
971 1616 1037 1702 ipſse

190 1723 268 1761 eram
283 1701 481 1783 imperaturus.
527 1699 574 1760 Sic
598 1699 691 1762 omnio
713 1698 777 1846 ipſso
794 1699 924 1783 prospere
949 1725 1036 1766 euen-

190 1798 269 1847 turo.
313 1784 405 1864 Apud
421 1782 533 1846 Oseam
553 1785 620 1847 haec
635 1785 702 1846 sunt
751 1783 882 1846 eiverba
897 1805 965 1866 cap.
983 1807 1034 1851 vr.

156 1913 161 1924 ·
189 1868 404 1954 Beneficentiam
425 1869 456 1931 iu
478 1869 595 1932 homiues
616 1869 701 1933 multo
725 1870 920 1953 3ocoeptiorem
935 1871 1034 1952 habeo,

188 1977 272 2037 quom
284 1955 476 2043 sucrificium:
498 1958 532 2019 de
545 1955 610 2020 Deo
623 1963 697 2018 reste
706 1955 816 2043 sentire
829 1955 923 2042 supra
937 1960 1033 2026 omnia

188 2042 229 2105 es
255 2040 418 2127 holocausto.
464 2042 555 2124 Apud
585 2039 755 2105 Michaeam
783 2062 854 2106 vero
883 2064 949 2125 cap.
979 2065 1031 2124 v1,

189 2147 261 2189 curn
287 2127 411 2212 quaestio
436 2126 506 2191 esset
526 2126 673 2203 instituta,
705 2126 861 2211 quomodo
883 2129 1031 2212 quispiam

188 2209 296 2277 Deum
322 2212 374 2276 fibi
400 2214 514 2296 optime
541 2213 727 2290 conciliaret,
757 2213 886 2276 arietum
912 2215 1030 2299 ingenti

188 2310 329 2374 numero,
365 2301 395 2361 vi
424 2320 536 2383 magna
564 2298 636 2372 olei,
670 2320 709 2360 an
734 2297 836 2361 vitulis
862 2299 1042 2366 anniculisz'

187 2382 344 2463 respondet
358 2383 458 2461 Deus,
481 2386 589 2447 Dicam
608 2383 662 2447 eibi
685 2383 755 2467 quid
765 2384 806 2469 stt
828 2406 895 2448 vere
917 2386 1044 2464 bonum‚'

186 2469 309 2551 mihique
323 2486 450 2552 gratum.
495 2469 646 2532 Nimirum
666 2479 729 2532 4ut
743 2472 829 2555 ficum
849 2471 946 2553 cuique
963 2473 1046 2535 red⁴¹

184 2554 247 2625 dos,
272 2570 304 2617 ur
318 2557 381 2616 bene
394 2553 578 2641 missorius,
602 2556 637 2618 ἔθ’
654 2572 686 2617 ut
697 2555 760 2618 Deo
774 2554 903 2617 humilem
916 2580 948 2617 oc
956 2556 1029 2642 sub·

187 2640 295 2722 miffiem
310 2657 337 2702 te
347 2643 483 2722 praebeos.
518 2638 641 2720 Qubus
654 2664 692 2703 ex
705 2638 779 2702 locis
790 2662 862 2700 curn
875 2658 1029 2722 appareat,

186 2723 327 2785 sacrificia
349 2748 411 2786 non
431 2723 487 2786 effe
507 2747 610 2787 earum
625 2747 726 2788 rerum
741 2727 772 2789 in
788 2746 927 2800 numer0,
951 2750 1030 2810 quas

186 2804 274 2869 Deus
287 2831 339 2889 per
351 2810 376 2869 se
389 2826 441 2871 aut
452 2811 594 2890 primario
606 2810 679 2873 velit
687 2840 695 2886 3
720 2809 850 2895 populus
866 2833 938 2874 vero
954 2813 1028 2875 irre·

183 2909 277 2974 pente
289 2893 446 2974 paulatim,
469 2909 503 2955 ut
515 2894 560 2971 fit,
585 2918 676 2977 prava
687 2896 901 2980 superstitione,
926 2899 957 2961 in
970 2898 1029 2962 illis

219 3062 232 3108 3
251 3045 391 3107 Acceptioroon
402 3042 466 3089 habeo
477 3042 587 3106 quamsa-
620 3061 716 3092 numero
732 3060 831 3094 13c11.
849 3048 876 3094 ab
889 3046 954 3095 Esaia
970 3064 1029 3095 ton·

182 3112 306 3173 crucium]
327 3111 360 3154 lta
378 3114 399 3154 pa
414 3108 536 3153 Chaldaeus
551 3109 588 3153 in·
621 3111 724 3157 trastain
735 3112 779 3166 ser,
790 3127 890 3159 xxxin.
905 3128 943 3176 ις.
954 3110 966 3159 ἦ
977 3115 1028 3160 Mi-

183 3186 267 3235 terpres
281 3175 341 3220 hunc
355 3174 430 3219 locum
441 3174 542 3232 exponit.
620 3174 685 3221 chaea
698 3176 741 3222 hoc
754 3174 835 3223 locoin
848 3179 905 3224 tria:
924 3179 952 3223 ab
962 3178 1031 3230 Esaia

214 3255 231 3299 4
247 3241 277 3285 Uo
287 3239 353 3302 'suum
370 3240 444 3303 cuique
461 3238 545 3294 ensesue,
562 3250 586 3281 ut
618 3238 708 3302 induo,
726 3256 783 3291 uvi.
802 3256 822 3289 1.
841 3242 869 3285 ab
880 3243 989 3289 Abacuco
1003 3244 1027 3289 in

181 3302 286 3349 homeliis
298 3305 378 3363 focius,
393 3303 421 3349 ὅ
432 3303 585 3349 urDeohumr'-
619 3322 700 3364 unum,
725 3320 758 3354 11.
773 3321 798 3369 4.
827 3307 1027 3355 ltemabAmoso

180 3359 584 3432 lemacsubniffimrepemina]lta·
618 3385 641 3420 v.
657 3371 680 3420 6.
881 3366 890 3374 ’
1028 3393 1031 3398 ·

236 3434 298 3480 aiunt
310 3433 385 3498 Judaei
400 3433 456 3493 tegis
471 3441 586 3494 praecepta
650 3471 653 3477 ⁴

896 3496 1027 3577 posuerit
