2325 4050
280 355 655 421 th1orouun
695 352 882 423 Lrsrn.
937 381 999 447 305

161 483 270 564 quibus
294 482 373 544 ullus
399 481 489 544 fidem
513 481 634 556 habeat,
657 483 688 542 in
711 483 800 544 rebus
824 483 913 568 hujus
933 484 1001 559 aevi,

107 627 119 646 m
160 568 406 649 quandoquidem
421 566 492 630 Deo
508 584 599 650 atque
613 567 810 643 Hominibus,
833 569 865 629 in
885 591 916 629 re
936 590 1002 630 ma-

109 653 117 687 l
160 654 237 714 ximi
252 656 411 729 momenti,
434 652 558 714 illudere
573 652 694 715 audent.
740 651 817 714 Sunt
842 655 1004 729 intereos,

107 807 109 818 Ι
159 737 214 821 qui
227 738 323 799 dicere
335 738 495 801 sustineant
506 739 537 799 in
550 737 711 822 Religione
725 738 910 801 sentiendum
925 740 1003 799 sem-

160 822 299 885 tiendum
322 823 436 906 semper
458 839 530 886 eum
553 824 668 886 summa
690 821 838 885 Potestate
846 848 855 897 3
887 845 956 905 quae
982 823 1004 887 st

160 924 309 983 mutetur,
333 910 507 971 mutandam
523 909 614 970 etiam
629 930 699 970 cum
720 907 771 970 illa
792 906 901 982 fidem3
925 931 1003 990 quos

159 1008 225 1055 tam
238 992 317 1055 male
330 995 434 1056 sentire
444 995 480 1055 de
490 992 659 1055 Christiana
668 992 742 1055 Fide
753 1015 816 1055 non
829 992 870 1053 est
879 994 1002 1070 mirum,

159 1100 233 1139 cum
248 1100 286 1139 ne
302 1079 463 1163 Religione
478 1079 601 1161 quidem
621 1077 684 1138 ulla
698 1076 842 1140 Naturali
865 1077 921 1140 smt
942 1080 1003 1140 im-

159 1162 239 1237 buti,
270 1183 327 1224 nec
350 1164 439 1226 rediae
464 1163 603 1226 Rationis
627 1178 679 1224 aut
700 1162 831 1224 Virtutis
855 1163 1003 1225 rationem

109 1291 119 1304 l
160 1248 256 1309 ullam
281 1249 421 1311 habeant.
466 1248 605 1310 Infelices
620 1246 733 1332 Reges,
757 1264 810 1309 aut
825 1246 1001 1325 Potestates,

160 1332 271 1394 talibus
300 1335 474 1397 bominibus
503 1332 642 1407 fidentes,
680 1334 732 1414 qui
760 1354 817 1395 nec
847 1332 1003 1417 Religioni

160 1415 316 1495 Naturali,
339 1440 395 1480 nec
412 1415 568 1481 Revelatae
593 1416 684 1479 sidem
703 1414 837 1480 servant!
862 1417 1004 1481 Prosedto

160 1504 226 1586 qui,
248 1504 332 1565 omni
354 1501 451 1568 studio
464 1503 650 1566 Litterarum
670 1501 813 1579 destituti,
836 1503 928 1565 nullis
942 1501 1004 1565 Vi-

160 1609 265 1651 rorum
280 1587 465 1665 Dodiorum,
488 1590 673 1671 quicumque
697 1585 766 1666 sint,
791 1588 913 1674 judiciis
938 1610 1005 1650 cre·

160 1671 249 1749 dunt,
272 1694 329 1736 nec
343 1672 514 1736 Veritatem
540 1670 604 1734 ulla
630 1673 745 1735 ratione
768 1688 889 1750 curant,
912 1688 1004 1756 atque

160 1757 193 1819 in
209 1771 352 1840 perpetua
367 1753 556 1821 simulatione
569 1760 688 1834 vivunt,
711 1758 827 1843 indigni
840 1759 907 1821 sunt
939 1779 1004 1820 ror-

158 1840 208 1928 sus
219 1843 328 1990 quibus
340 1842 403 1907 ulla
414 1840 487 1907 fides
498 1841 658 1922 habeatur,
681 1843 763 1906 iniis
775 1866 845 1929 quae
857 1843 894 1906 ad
906 1781 1003 1908 liem-

160 1926 223 2010 pub
236 1928 314 1990 icam
326 1927 469 2011 spedlant.

195 2013 350 2077 Attamen
369 2012 512 2102 ejusmodi
534 2015 686 2091 homines,
708 2010 854 2079 Veritatis
878 2012 950 2078 licet
973 2013 1004 2079 δι

160 2092 291 2163 Virtutis
306 2100 462 2183 spretores,
486 2099 537 2163 sibi
552 2099 625 2163 boni
641 2099 733 2164 Cives
753 2115 843 2184 atque
858 2096 1004 2186 ingenioli

156 2183 311 2262 homines,
348 2208 410 2268 prae
436 2186 541 2250 ceteris
566 2185 726 2262 videntur,
764 2207 836 2249 cum
861 2200 1005 2249 neutrum

158 2265 228 2345 sint,
251 2291 308 2334 nec
323 2269 379 2336 elle
394 2272 513 2354 possint,
536 2272 589 2355 qui
600 2269 722 2335 Verum
737 2271 766 2335 δι
779 2271 913 2348 Falsum,
929 2271 1003 2334 Vir·

157 2364 257 2419 tutem
285 2354 458 2420 &Vitium
487 2357 590 2440 susque
616 2355 714 2440 deque
738 2357 866 2433 habent,
900 2357 1003 2420 omnia

158 2438 257 2503 dicere
279 2440 309 2504 δι
329 2441 426 2505 facere
449 2443 543 2525 parati
566 2442 650 2525 quod
672 2441 724 2504 sibi
747 2441 821 2506 utile
840 2442 1002 2524 putabunt.

159 2522 257 2587 Tales
272 2548 343 2589 vero
356 2527 495 2590 homines
518 2527 652 2590 &bonae
667 2528 761 2590 menti
777 2528 808 2590 dc
823 2528 902 2590 reete
915 2527 1002 2589 fadis

124 2622 136 2630 ‘⁴
158 2609 305 2674 nuncium
322 2613 506 2688 remiserunt,
529 2612 673 2697 dignique
687 2615 755 2677 sunt
769 2614 821 2697 qui
841 2612 878 2676 ab
901 2613 1001 2676 omni-

158 2695 214 2758 bus
230 2696 416 2779 spernantur,
439 2697 469 2760 δι
484 2698 649 2783 fugiantur.

201 2889 278 2976 §V
303 2893 366 2955 Deo
384 2907 501 2976 gratum
524 2892 574 2976 effe
616 2893 666 2977 offe
688 2910 840 2968 errantem,
862 2908 945 2975 arque
968 2917 1005 2956 ex
1075 2908 1084 2918 '

235 3000 328 3041 errore
342 2980 552 3060 delinquentem,
593 2980 762 3042 imulatorem
778 3000 828 3040 non
840 2978 921 3062 paffe.

138 3143 143 3148 ·
202 3107 256 3170 EA
273 3108 315 3170 est
328 3111 470 3174 humanae
485 3124 601 3173 naturae
616 3110 762 3186 conditio,
787 3127 821 3172 ut
835 3109 922 3172 multi
944 3107 1001 3172 sint

159 3195 311 3271 homines,
334 3211 494 3281 ceteroque
514 3217 575 3258 non
592 3196 677 3272 mali,
699 3196 819 3278 quibus,
843 3212 895 3258 aut
910 3217 1000 3277 prava

159 3279 351 3357 educatione,
372 3297 425 3345 aut
435 3280 517 3365 quod
530 3280 624 3343 desint
635 3282 771 3344 dodlores
784 3281 814 3342 dc
828 3282 907 3357 libri,
930 3281 999 3361 qui-

160 3364 215 3427 bus
240 3365 277 3428 ab
300 3388 397 3431 errore
423 3380 614 3442 revocentur,
639 3381 691 3429 aut
713 3368 804 3430 etiam
829 3367 998 3452 ingenium,

937 3472 1003 3532 quo
