2325 4050
322 293 656 360 Rancmrrsr.
692 294 789 361 Lra.
812 296 854 360 V.
945 317 1006 365 211

154 438 237 501 pore
252 415 365 478 itineris
385 436 438 497 per
452 413 593 477 Arabum
614 413 745 488 deserta,
763 411 867 476 omissa
889 413 927 476 ab
941 414 1008 474 He·

153 503 251 653 lffes
265 499 452 564 circumcisio
466 501 537 576 fuit,
559 500 632 564 Deo
654 499 694 562 ob
714 500 744 562 id
767 498 842 562 nihil
866 498 1008 582 expostu-

156 757 273 847 §XlL
296 759 457 834 Ettamen,
479 758 510 821 in
531 756 574 820 his
594 780 696 840 quoque
718 756 881 834 tolerandis,
903 755 1010 841 faciles

415 844 507 931 fuiffe
523 843 660 927 Apostolos
674 841 757 930 Jafia.

206 959 300 1022 Certe
314 975 390 1036 erat,
413 983 468 1023 cnr
481 983 608 1046 magnas
624 963 737 1046 gratias
753 973 879 1046 agerent
892 958 962 1042 Jesu
979 960 1010 1022 bc

157 1049 226 1133 ejus
241 1045 348 1130 legatis
362 1046 501 1122 Hebraei3
525 1048 608 1130 quod
621 1049 703 1132 gravi
718 1047 771 1108 illo
787 1049 900 1108 rituum
915 1069 1009 1109 onere

160 1155 216 1214 per
247 1133 342 1212 i'pi'um
372 1131 580 1209 liberarentur,
616 1136 689 1196 certi
713 1156 750 1194 ue
780 1133 839 1194 suae
865 1132 1010 1194 libertatis

159 1218 281 1293 fierent,
304 1228 381 1300 ⁷per
396 1219 476 1282 dona
491 1242 527 1281 ac
543 1157 787 1281 miraculaltlofi
807 1218 881 1279 nihil
896 1217 1007 1279 ceden-

159 1305 215 1367 tia.
262 1303 320 1365 Sed
334 1320 437 1366 tamen
460 1305 547 1386 primi
564 1303 656 1367 nostri
670 1305 822 1388 dogmatis
838 1303 1009 1385 publicato.

159 1411 209 1452 res
234 1409 272 1450 ne
296 1391 355 1452 hoc
380 1390 503 1472 quidem
527 1391 564 1452 ab
587 1390 647 1452 illis
669 1405 849 1474 exegerunt,
871 1403 907 1451 ut
926 1388 1009 1451 suam

160 1476 243 1541 hanc
257 1474 433 1537 felicitatem
448 1476 660 1562 agnoscerent:
684 1476 732 1538 sed
744 1473 765 1538 si
777 1488 927 1558 praecepta
937 1472 1011 1553 Jesu

161 1561 264 1624 omnis
301 1560 464 1624 honestatis
502 1561 667 1644 plenillima
695 1562 885 1643 susciperent,
922 1559 1010 1621 facile

161 1648 234 1729 paffi
248 1646 316 1708 sunt
330 1669 382 1709 eos
397 1647 430 1709 in
444 1647 532 1710 rebus
547 1647 654 1711 mediis
668 1645 680 1680 ⁸
692 1647 773 1730 sequi
789 1668 881 1729 quem
895 1642 1010 1735 vellent

114 1738 117 1743 '
160 1732 283 1794 vivendi
297 1731 444 1808 modum,
467 1734 536 1795 ⁹ita
550 1747 654 1797 tamen
669 1747 704 1796 ut
727 1733 816 1796 alieni
857 1731 916 1807 nis,
938 1731 1009 1813 qui-

160 1817 223 1880 bus
242 1816 293 1879 lex
314 1817 366 1880 illa
388 1819 503 1881 rituum
527 1840 698 1903 numquam
720 1820 790 1885 data
812 1753 921 1893 debiat,
945 1816 1011 1902 ejus

161 1901 355 1967 observuadae
381 1906 583 1971 neeoffitatem
609 1926 674 1969 non
696 1906 906 1987 imponerent:
927 1901 1013 1985 quod

159 1985 211 2052 uel
224 2010 321 2054 rurum
335 1989 403 2053 satio
416 1988 471 2068 ost,
487 2005 523 2055 ut
534 1989 687 2062 evidenter
698 1988 887 2064 ostendatur,
907 1988 1012 2071 iniqua

160 2072 430 2163 {Jurdaeierojedla
442 2073 518 2159 Jeti
525 2076 685 2162 dogmata,
705 2088 854 2160 praetextu
867 2073 921 2138 illo
932 2072 1011 2160 legia

159 2160 287 2225 ritualis.
333 2161 440 2225 Soluta
454 2163 512 2225 hac
523 2162 706 2249 objed't'ione,
728 2183 798 2245 quae
814 2181 907 2242 prope
919 2160 1010 2222 unica

160 2247 315 2312 miraculis
337 2247 410 2331 Jesu
435 2250 549 2330 opponi
579 2248 666 2325 solet,
701 2247 859 2311 veniamus
886 2245 923 2308 ad
949 2244 1010 2308 alia

162 2347 356 2482 apgumenta,
387 2355 456 2418 quae
482 2333 520 2398 ad
541 2333 678 2423 judaeos,
694 2331 920 2399 convincendos
943 2331 1013 2395 sunt

163 2441 282 2484 tonea.
611 2436 613 2442 ’
791 2433 816 2464 ⁸·

162 2589 182 2679 §
199 2591 289 2657 XIII.
315 2593 451 2658 Probatio
472 2596 608 2681 adverfias
623 2595 757 2683 Judaeos,
778 2578 815 2656 ax
828 2617 868 2668 eo,
890 2595 963 2674 quod
979 2592 1014 2656 itt

265 2682 375 2766 corrfffo
390 2683 428 2767 est
439 2683 602 2768 promiffiim
617 2684 750 2745 eximium
765 2680 908 2768 Maffiam.

207 2795 334 2859 Constat
365 2799 442 2860 inter
471 2822 527 2862 nos
558 2800 701 2881 &·ips0s‚
736 2799 767 2859 in
790 2797 1011 2880 Prophetarum

161 2884 312 2946 vaticiniis
325 2884 410 2965 supra
422 2886 548 2962 multoS,
564 2886 618 2972 qui
631 2885 767 2947 Hebraeis
780 2884 922 2947 divinitus
934 2906 1010 2946 con-

195 3004 210 3049 7
228 2991 273 3037 Per
286 2985 343 3037 dona
359 3007 385 3036 ac
398 2990 574 3055 miracalaMofi
604 3009 644 3056 24.
664 2992 736 3039 Rom.
753 3006 809 3040 xrv.
830 3005 851 3041 t.
873 2992 951 3039 reor.
972 3003 1011 3034 rx.

161 3052 342 3117 nihilcedertia]
358 3056 473 3104 Miracula
483 3058 571 3105 Mellrae
608 3074 645 3123 ¹5·
663 3056 720 3103 Gal.
732 3071 757 3103 u.
770 3056 794 3103 6.
811 3054 895 3101 Colosl.
911 3067 1011 3102 111.1¹·

161 3120 306 3182 major-nelle
319 3118 479 3181 deberequam
489 3123 570 3182 Motis,
637 3141 653 3187 9
682 3122 716 3168 lta
739 3133 808 3168 tamen
830 3133 854 3166 ut
877 3117 1011 3182 alienigenis,

161 3183 220 3230 dixit
232 3186 264 3232 R.
278 3185 332 3232 Levi
343 3186 385 3231 ben
394 3185 500 3245 Corium,
511 3191 571 3249 quod
605 3188 680 3253 quibas
697 3187 732 3233 lex
751 3186 790 3232 illa
809 3185 888 3230 rituam
900 3197 1015 3246 autequam

161 3248 201 3294 vel
222 3250 322 3295 maxime
340 3251 415 3311 patuit
434 3252 459 3298 in
475 3255 572 3300 mortula
604 3254 658 3301 data
667 3249 755 3313 fuerat,
773 3246 964 3312 ejurobfervandae
975 3262 1012 3291 ne·

164 3311 314 3361 resuscitatis.
605 3317 711 3381 ceffitatm
720 3332 759 3361 noa
766 3310 916 3376 imponerent]
928 3310 1009 3357 Adlor.

197 3379 212 3425 8
230 3378 257 3426 Se
272 3380 296 3426 ui
313 3397 373 3445 quein
384 3380 465 3427 vellent
479 3381 574 3442 vivendi
608 3398 650 3429 xv.
664 3378 744 3429 Galat.
756 3393 778 3427 1.
794 3393 816 3441 3,
829 3377 853 3435 6,
868 3390 907 3439 15.
922 3391 959 3421 rv.
972 3390 1010 3421 ιο.

160 3396 272 3512 σιωπή
295 3445 377 3494 Alter.
395 3459 453 3494 xvi.
472 3460 495 3508 3.
514 3461 573 3496 xxi.
609 3462 648 3495 rr.
664 3458 703 3493 ra.

865 3502 1012 3589 tigerunt,
